4946 6002
1204 317 1393 382 ...2-

295 475 302 500 ⁸
338 481 561 551 distrabandee
583 483 714 551 studiosi
735 483 795 574 ipsi
817 485 945 550 fuerunt
966 506 1026 550 nec
1047 506 1105 572 per
1126 485 1205 552 elios
1226 484 1371 574 intercipi
1398 495 1429 552 ct
1450 485 1511 552 sibi
1533 483 1668 552 subduci
1690 483 1830 552 discendi
1853 483 2051 574 docendique
2080 492 2310 572 opportuna

337 602 547 668 instrumenta
568 602 652 690 passi
674 613 756 668 sunt.
801 599 888 682 Quid
909 601 1027 669 factum
1057 602 1097 668 sit
1118 603 1274 690 conjicere
1294 613 1417 670 tantum
1443 603 1519 670 licet
1540 627 1581 670 ex
1609 604 1746 670 Wilcks'i
1770 601 1895 669 illorum
1922 600 2113 669 successoris
2136 601 2307 668 verbis:

337 719 458 809 „Rapti
480 719 604 786 codices
623 719 702 786 adeo
723 730 806 801 sunt,
829 729 864 786 ut
878 720 932 786 vix
955 743 1052 787 unum
1066 730 1098 787 et
1112 723 1246 788 alterum
1260 720 1392 788 fecerint
1405 722 1561 810 reliquum
1582 719 1793 810 sacrilegi”*).
1821 719 1951 808 Abjecti
1972 719 2120 786 videntur
2135 719 2307 786 codices

338 837 454 904 vetusti
474 838 507 904 in
531 839 678 904 tebemas
700 837 898 919 institorum,
921 849 955 904 nt
977 849 1082 905 essent
1102 837 1203 905 thuris
1224 838 1404 929 piperisque
1425 839 1542 906 cuculli
1563 839 1615 904 vel
1637 840 1664 905 si
1686 839 1740 928 qui
1761 839 1795 906 in
1816 837 2003 905 membrana
2024 838 2179 928 descripti
2211 839 2305 906 fue·

339 966 413 1022 runt
434 955 540 1022 traditi
560 955 593 1021 in
615 955 760 1022 librariae
782 955 926 1021 cilicinae
949 954 988 1021 ad
1011 955 1193 1023 vestiendos
1215 957 1339 1023 codices
1361 943 1472 1054 novos.

423 1072 597 1164 Utcunque
619 1097 669 1139 res
692 1097 727 1140 se
749 1073 870 1156 babuit,
892 1096 973 1140 unus
1001 1083 1123 1140 tantum
1145 1073 1247 1141 codex
1273 1047 1457 1142 cbaitacens
1484 1099 1525 1142 ex
1545 1075 1672 1142 illorum
1700 1075 1852 1141 librorum
1884 1073 1977 1163 copia
2006 1074 2038 1140 in
2068 1073 2300 1142 bibliotheca

339 1191 499 1280 gymnasii
520 1191 650 1258 relictus
672 1202 832 1273 servatur,
856 1213 960 1280 quem,
984 1213 1055 1257 cum
1076 1214 1140 1257 non
1162 1215 1265 1280 panca
1285 1189 1472 1260 medii‘aevi
1493 1194 1635 1260 carmina
1657 1193 1757 1258 latina
1778 1190 1887 1259 addite
1909 1193 2055 1259 versione
2076 1191 2298 1281 germanica

340 1309 516 1393 contineat,
545 1331 603 1376 nos
624 1331 741 1398 operae
770 1309 907 1396 pretium
928 1309 1068 1376 facturos
1096 1309 1287 1398 putavimus,
1314 1309 1341 1376 si
1367 1311 1546 1378 accuratius
1567 1309 1836 1394 describeremus,
1866 1321 1901 1378 ιιι
1930 1311 2046 1400 quibus
2067 1311 2129 1380 hse
2150 1311 2296 1378 literae

340 1438 446 1494 essent
468 1451 563 1494 curae
584 1427 665 1494 scire
686 1438 817 1513 possent
837 1450 920 1515 quaa
942 1425 1119 1493 studiorum
1140 1427 1321 1514 adjumenta
1348 1428 1432 1494 ibius
1458 1452 1533 1496 uem
1562 1429 1741 1518 praeberet.
1784 1428 1870 1496 Nam
1897 1427 2039 1496 earmina
2066 1428 2164 1496 medii
2191 1428 2291 1496 aevi
2458 1513 2459 1521 ἵ

341 1545 440 1612 latina
461 1568 544 1634 qnae
566 1568 585 1610 a
606 1544 767 1633 plerisque
788 1543 964 1632 despicatui
984 1545 1142 1614 habentur
1162 1569 1226 1612 non
1246 1545 1377 1634 indigna
1397 1569 1466 1614 esse
1493 1546 1689 1614 accuratiore
1710 1557 1744 1613 et
1764 1545 1907 1634 pleniore
1929 1546 2111 1634 cognitione
2133 1556 2167 1614 et
2186 1546 2286 1614 olim
2453 1521 2460 1699 p

340 1665 469 1730 fuerunt
495 1662 550 1752 qui
578 1664 679 1751 probe
706 1663 921 1751 intelligerent
949 1663 995 1744 (v.
1018 1665 1090 1732 Pol.
1113 1664 1269 1752 [leyserus
1295 1663 1327 1730 in
1355 1665 1552 1753 praefstione
1582 1664 1653 1730 bist.
1681 1663 2197 1752 poetmed.aevi,Hal.1721.
2224 1665 2282 1732 cf.

341 1782 534 1870 Bernhardy
555 1780 712 1847 romische
734 1781 1079 1869 Literaturgeschicbte
1105 1782 1195 1848 1857.
1225 1805 1258 1870 p.
1272 1782 1341 1848 341.
1370 1806 1402 1850 n.
1423 1780 1500 1866 261)
1524 1796 1557 1850 ct
1577 1781 1691 1848 nostris
1713 1783 1909 1870 temporibus
1930 1781 2052 1850 acriore
2068 1781 2137 1870 jam
2159 1781 2283 1852 studio
2452 1727 2457 1909 l

341 1899 396 1966 diu
418 1901 567 1986 neglecta
580 1901 708 1966 illorum
722 1905 898 1986 temporum
921 1921 1020 1986 opera
1035 1898 1068 1966 iu
1088 1898 1156 1966 dies
1172 1901 1265 1988 plura
1285 1900 1434 1966 inlnoem
1453 1899 1530 1967 ferri
1545 1911 1658 1987 coepta
1671 1911 1754 1983 sunt,
1778 1921 1842 1989 qua
1862 1901 1896 1968 in
1915 1921 1953 1968 re
1974 1899 2278 1988 praeclarissimum
2451 1913 2453 1946 v

343 2015 538 2084 Germaniae
559 2017 657 2084 decus
677 2017 822 2084 «lacobus
842 2014 968 2084 Grimm
989 2014 1102 2084 ducem
1124 2041 1159 2084 se
1179 2019 1343 2107 praestitit.
1374 2016 1427 2084 Ad
1449 2019 1626 2086 accuratius
1648 2041 1724 2085 vero
1740 2016 1976 2086 Germanorum
1998 2016 2166 2106 gnomicae
2188 2037 2278 2106 poe·

340 2157 414 2202 aeos
435 2134 583 2218 studium,
613 2136 701 2223 eujus
724 2136 819 2224 longe
848 2135 1151 2224 prsmtantieeimum
1178 2137 1357 2224 exemplum
1383 2134 1579 2203 Vridancum
1609 2135 1791 2204 Guilelmus
1818 2135 1942 2204 Grimm
1965 2135 2134 2204 immatura
2161 2147 2277 2204 mor-tc
2447 2091 2452 2263 l

342 2252 440 2319 literis
469 2264 598 2341 ereptus
627 2252 761 2340 egregia
787 2275 865 2318 cura
891 2251 1081 2334 illustravit*
1107 2253 1282 2345 carminum
1300 2253 1470 2322 latinorum
1498 2253 1593 2322 modii
1620 2254 1692 2322 aevi
1713 2255 1933 2342 gnomicorum
1959 2277 2043 2343 quse
2065 2253 2170 2322 adhue
2196 2254 2275 2324 fere
2447 2267 2450 2293 ι

343 2371 491 2459 neglecta
506 2372 616 2458 jacent
637 2370 824 2438 collectione
844 2393 929 2437 nova
955 2393 1034 2460 opus
1057 2382 1113 2454 est,
1141 2395 1224 2454 cum,
1247 2381 1282 2438 ιιι
1301 2395 1341 2438 ex
1363 2371 1524 2440 Vridancc
1544 2382 1688 2462 apparet,
1716 2372 1872 2462 plurimae
1894 2371 2074 2440 sententiae
2095 2395 2135 2440 ex
2157 2370 2274 2444 latinis
2444 2295 2450 2451 l

342 2489 436 2577 hujus
464 2489 592 2578 generis
621 2487 822 2568 carminibus,
851 2498 961 2576 utpote
990 2500 1094 2556 aetate
1122 2489 1288 2578 prioribus,
1316 2489 1349 2556 in
1377 2491 1562 2578 germanica
1591 2491 1763 2558 bauslatae
1785 2490 1924 2574 sint**),
1953 2489 1994 2556 ad
2022 2512 2106 2579 quse
2133 2489 2272 2578 quidem

342 2607 484 2673 carmina
505 2595 826 2690 recoluerimus,
843 2605 966 2672 Alanus
977 2607 1011 2672 in
1026 2607 1214 2696 proverbiis,
1235 2605 1468 2696 Pbagit'aoetns,
1485 2607 1646 2698 Sulpicius
1661 2608 1843 2674 Verulanus
1858 2607 1898 2674 de
1912 2608 2061 2696 ingenms
2075 2608 2217 2678 moribus
2233 2608 2270 2678 in

345 2747 454 2792 mensa
476 2723 642 2791 servandis
665 2737 696 2792 et
717 2724 781 2790 alia
801 2745 884 2812 quae
904 2723 938 2790 in
960 2723 1068 2790 codice
1089 2737 1198 2792 norbo
1221 2727 1421 2794 conducatur
1442 2726 1553 2794 referri
1575 2725 1704 2792 debent.

426 2842 502 2910 Non
531 2842 665 2909 deerunt
691 2840 819 2930 quidem
854 2841 908 2930 qui
937 2865 1047 2908 curam
1075 2843 1124 2908 bis
1152 2843 1342 2912 carminibus
1370 2843 1546 2932 impensam
1580 2825 1704 2912 futilem
1731 2855 1828 2934 etque
1855 2843 2041 2910 indecoram
2073 2843 2266 2928 existiment,

342 2961 500 3028 balatioia
519 2983 655 3049 graecae
676 2983 891 3049 romanaeque
912 2959 1107 3050 antiquitatis
1129 2961 1334 3030 admiratione
1354 2961 1401 3027 ita
1422 2961 1512 3050 quasi
1542 2962 1711 3045 occaecati,
1742 2971 1780 3030 ιιι
1798 2962 1831 3030 in
1859 2963 2066 3052 plurimorum
2094 2961 2264 3030 latinorum

343 3091 510 3168 poetarum
529 3077 746 3144 mediocritate
760 3059 861 3144 ‘facile
883 3078 1087 3168 acquiescant
1113 3078 1168 3145 vel
1189 3079 1269 3146 adeo
1290 3079 1422 3146 mirifice
1452 3079 1661 3162 delectante,
1684 3103 1895 3170 quaecunque
1916 3089 2022 3146 autem
2052 3080 2156 3148 medio
2183 3099 2260 3146 sevo

342 3197 449 3264 latinis
470 3195 616 3263 versibus
637 3197 755 3286 scripta
776 3207 851 3263 sunt
872 3198 1078 3264 vehementer
1098 3197 1205 3264 omnia
1226 3197 1395 3264 fastidiant.

429 3311 466 3384 Si
488 3314 639 3380 oratioms
658 3315 797 3402 puritate
825 3337 1037 3404 versuumque
1057 3315 1214 3382 concinna
1234 3315 1390 3404 elegantia
1417 3325 1600 3404 poesnstnm
1622 3315 1721 3384 virtus
1743 3315 1903 3384 censenda
1925 3327 1983 3400 est,
2012 3337 2108 3384 nemo
2137 3313 2265 3404 quidem

344 3433 404 3500 erit
424 3443 490 3498 tam
512 3432 677 3514 absurdus,
708 3444 742 3499 ut
761 3432 890 3498 infitiari
920 3443 1052 3502 conetur
1074 3445 1130 3499 aut
1150 3433 1239 3500 nulla
1265 3443 1322 3500 sut
1342 3434 1532 3521 paucissima
1554 3433 1696 3500 carmina
1716 3433 1815 3502 madii
1835 3434 1908 3502 sevi
1926 3457 2008 3517 esee,
2031 3447 2120 3524 ‘qnae
2141 3455 2183 3500 ex
2204 3433 2266 3500 bac

343 3561 436 3639 parte
456 3573 528 3616 cum
551 3561 697 3616 veterum
717 3551 806 3638 possi
828 3550 1044 3638 comparanda
1065 3551 1138 3616 siat.

429 3665 495 3734 Sed
515 3668 689 3756 ingenuum
710 3691 860 3734 romense
882 3668 1033 3735 orationis
1047 3669 1184 3735 colorem
1207 3679 1239 3736 et
1260 3671 1432 3758 perlectam
1455 3689 1605 3738 versuum
1626 3669 1668 3736 ad
1682 3669 1884 3759 antiquorum
1904 3679 2087 3758 poematum
2102 3667 2267 3756 exunplar

343 3783 580 3852 condendorum
603 3796 704 3851 artem
726 3785 781 3873 qui
802 3785 905 3873 possis
935 3797 1123 3874 exspectare
1144 3787 1186 3854 sb
1213 3797 1386 3870 euastata,
1409 3811 1475 3876 qua
1494 3788 1635 3854 omnium
1657 3787 1835 3856 divinarum
1856 3789 2130 3874 humanarumque
2158 3805 2265 3852 rerum

345 3926 474 3992 prorsus
494 3903 662 3970 immutata
688 3903 811 3970 ratione
833 3903 944 3994 lingua
972 3904 1068 3971 etiarn
1090 3905 1188 3971 latina
1210 3929 1229 3970 a
1257 3905 1366 3973 nativa
1384 3905 1493 3972 indole
1513 3907 1667 3994 paulatim
1692 3906 1738 3972 ita
1759 3905 1898 3988 deflexit,
1921 3915 1957 3972 ιιι
1976 3913 2135 3994 prognata
2161 3901 2266 3992 magis

346 4044 386 4087 ex
407 4021 512 4110 prisco
529 4042 675 4088 sermons
696 4021 798 4087 videri
820 4021 944 4105 debeat,
973 4045 1070 4110 quam
1099 4021 1141 4088 ad
1162 4023 1229 4110 ejas
1257 4046 1401 4090 nonnam
1428 4047 1541 4092 severe
1563 4024 1673 4112 exigi?
1701 4021 1748 4107 (v.
1776 4027 1822 4090 M.
1844 4026 1957 4112 Haupt
1987 4021 2134 4112 exempla
2162 4019 2265 4111 poesie

344 4139 463 4206 latinae
485 4139 581 4206 medii
601 4139 673 4204 aevi
695 4163 726 4228 p.
748 4139 780 4206 b.
809 4139 850 4206 cl.
875 4138 969 4206 etiam
993 4142 1028 4208 J.
1054 4139 1178 4206 timiam
1206 4141 1261 4207 lat.
1289 4138 1450 4208 Gedicbte
1471 4141 1528 4208 des
1549 4143 1594 4209 X.
1617 4167 1649 4210 u.
1669 4141 1732 4210 XI.
1753 4141 1867 4209 Jahrb.
1905 4164 1935 4228 p.
1958 4141 1988 4204 V
2011 4151 2095 4228 etp.
2118 4135 2265 4220 XXIII.)

429 4255 543 4324 Codex
562 4256 793 4340 miseellaneus,
808 4279 903 4347 quem
915 4255 1158 4324 describendum
1173 4259 1265 4326 nobis
1280 4258 1448 4326 sumsimus
1455 4259 1531 4346 ιιι),
1555 4273 1604 4328 set
1617 4261 1720 4327 forma
1740 4258 1945 4350 quartansria
1957 4257 2155 4342 chartaceus,
2167 4255 2268 4326 literis

411 4468 436 4531 *l
456 4467 543 4519 Suada
561 4467 682 4520 Gotbsns
707 4485 731 4536 p.
750 4467 825 4522 1052.

395 4549 435 4616 l¹²)
455 4551 572 4603 Zorssrlrr
589 4551 635 4604 der
651 4551 775 4604 deutsche
793 4551 858 4604 Csto
876 4569 899 4620 p.
910 4551 933 4604 1.
969 4553 1040 4616 „Des
1059 4550 1279 4621 Gesammtgebiet
1295 4551 1378 4604 dieser
1398 4551 1515 4622 Gattnng
1526 4555 1560 4605 ist
1577 4553 1817 4622 nocbbainesvvegs
1834 4549 1980 4604 dbersebcn
1999 4551 2052 4602 und
2069 4550 2141 4600 einer
2158 4549 2267 4616 einiger-

344 4651 446 4688 msssen
462 4636 682 4704 gleiebmtsstgen
696 4636 871 4704 Besrbeitnng
888 4637 1061 4689 nntemorlsn
1080 4637 1191 4700 worden,
1209 4636 1263 4688 und
1278 4635 1417 4690 doebdsrl
1431 4635 1570 4706 bsbsuptet
1586 4637 1697 4700 mrden.
1715 4633 1775 4690 dsss
1791 4635 1885 4704 gersds
1902 4635 1987 4688 dieses
2004 4631 2068 4688 Fetd
2084 4631 2268 4684 ursembtte·

344 4727 415 4774 ratur
433 4721 504 4774 einer
520 4721 627 4774 solcben
646 4737 688 4772 arn
705 4722 814 4776 meister
831 4719 929 4786 bcdsrl,
946 4720 1000 4772 und
1017 4720 1077 4774 dsss
1093 4721 1174 4777 ksam
1191 4723 1239 4774 sut
1252 4721 1336 4774 eiaem
1354 4721 1452 4776 andren
1471 4721 1579 4775 Gebiete
1597 4723 1644 4774 das
1660 4721 1786 4774 Eiuselne
1803 4735 1832 4774 so
1849 4720 1909 4775 sehr
1926 4719 1997 4772 scine
2011 4715 2191 4788 Belsuebtung
2209 4731 2267 4770 vom

345 4806 453 4856 Geusen
471 4821 518 4855 sus
536 4805 677 4870 emplbngt,
694 4807 742 4856 vvie
759 4807 822 4857 bier.
857 4806 923 4856 Eine
945 4821 1012 4870 gsna
1036 4803 1162 4857 besondre
1180 4806 1435 4874 Bertlclrsichtigung
1451 4807 1590 4858 verdienen
1614 4807 1641 4857 in
1659 4807 1743 4857 dieser
1765 4805 1889 4856 llinsicbt
1905 4803 1947 4855 die
1964 4801 2135 4853 lateinisches
2157 4798 2268 4868 Sprucb-

343 4889 473 4956 gedicbtc,
490 4889 531 4941 die
548 4904 609 4940 man
626 4888 715 4940 bisber
731 4890 782 4942 sset
798 4905 845 4956 gar
862 4889 936 4941 nicbt
952 4889 1075 4941 bsacbtst
1090 4890 1145 4954 hat,
1162 4889 1290 4954 derceto,
1309 4892 1427 4954 Fscetus,
1444 4891 1568 4952 Moretur.
1586 4891 1713 4954 Floretns,
1730 4887 1772 4940 die
1790 4887 1976 4940 verschiednen
1986 4887 2121 4954 regimina,
2138 4885 2184 4938 der
2200 4883 2269 4936 sslu-

342 4975 406 5026 tsris
424 4981 508 5038 pects,
527 4974 627 5025 Alanus
645 4973 671 5023 ιιι
690 4972 835 5040 proverbiis
853 4989 878 5024 u.
896 4991 916 5025 s.
935 4973 981 5025 sv.”

380 5057 441 5122 Μ)
457 5057 525 5110 Ante
543 5073 591 5108 nos
608 5073 692 5121 nemo,
710 5058 777 5123 qaod
795 5059 885 5120 seiam,
902 5059 954 5109 nisi
970 5059 1035 5110 mihi
1051 5057 1225 5110 amicissimus
1242 5058 1289 5110 Fr.
1308 5057 1447 5110 Debueras
1464 5057 1563 5110 codicis
1579 5058 1661 5110 nostri
1678 5057 1835 5110 mentionem
1851 5056 1922 5120 tecit,
1940 5057 2016 5122 cnjus
2033 5069 2113 5123 opera
2128 5054 2156 5106 ιιι
2174 5050 2271 5108 raom

343 5139 483 5194 senatibus
506 5142 566 5194 Vol.
587 5141 635 5194 111.
664 5139 739 5196 1888.
763 5138 1020 5208 perennantes
1048 5143 1172 5196 lectiones
1195 5158 1228 5194 es
1250 5143 1452 5196 auctionante
1474 5149 1501 5194 et
1523 5141 1627 5209 Virgilii
1652 5143 1752 5194 Morsto
1773 5149 1800 5192 et
1822 5155 1912 5194 versas
1934 5141 2040 5206 quidam
2067 5155 2102 5192 ss
2127 5139 2219 5194 Nax
2242 5138 2269 5190 ιιι

343 5228 430 5280 lucem
447 5227 542 5294 prolati
558 5237 627 5279 sant.
