<?xml version="1.0" encoding="UTF-8"?>
<!DOCTYPE html PUBLIC "-//W3C//DTD XHTML 1.0 Transitional//EN"
    "http://www.w3.org/TR/xhtml1/DTD/xhtml1-transitional.dtd">
<html xmlns="http://www.w3.org/1999/xhtml" xml:lang="en" lang="en">
 <head>
  <title>
</title>
<meta http-equiv="Content-Type" content="text/html;charset=utf-8" />
  <meta name='ocr-system' content='tesseract 3.04.00' />
  <meta name='ocr-capabilities' content='ocr_page ocr_carea ocr_par ocr_line ocrx_word'/>
</head>
<body>
  <div class='ocr_page' id='page_1' title='image "./codicummiscella00johngoog_0023.png"; bbox 0 0 4946 6002; ppageno 0'>
   <div class='ocr_carea' id='block_1_1' title="bbox 1229 401 1443 464">
    <p class='ocr_par' dir='ltr' id='par_1_1' title="bbox 1229 401 1443 464">
     <span class='ocr_line' id='line_1_1' title="bbox 1229 401 1443 464; baseline 0 -20"><span class='ocrx_word' id='word_1_1' title='bbox 1229 401 1443 464; x_wconf 59' lang='lat'>...14-</span> 
     </span>
    </p>
   </div>
   <div class='ocr_carea' id='block_1_2' title="bbox 812 563 1846 1994">
    <p class='ocr_par' dir='ltr' id='par_1_2' title="bbox 858 563 1789 980">
     <span class='ocr_line' id='line_1_2' title="bbox 858 563 1733 646; baseline 0.006 -25"><span class='ocrx_word' id='word_1_2' title='bbox 858 565 925 621; x_wconf 76' lang='grc'><strong>420</strong></span> <span class='ocrx_word' id='word_1_3' title='bbox 941 563 1093 624; x_wconf 82' lang='lat' dir='ltr'>Hsntasus</span> <span class='ocrx_word' id='word_1_4' title='bbox 1113 564 1147 624; x_wconf 87' lang='lat' dir='ltr'>irr</span> <span class='ocrx_word' id='word_1_5' title='bbox 1168 584 1267 628; x_wconf 78' lang='lat' dir='ltr'>mama</span> <span class='ocrx_word' id='word_1_6' title='bbox 1287 567 1389 628; x_wconf 83' lang='lat' dir='ltr'>verbis</span> <span class='ocrx_word' id='word_1_7' title='bbox 1408 567 1565 646; x_wconf 68' lang='lat' dir='ltr'>«unoque</span> <span class='ocrx_word' id='word_1_8' title='bbox 1586 571 1733 630; x_wconf 84' lang='lat' dir='ltr'>morsntes</span> 
     </span>
     <span class='ocr_line' id='line_1_3' title="bbox 941 649 1735 728; baseline 0.008 -20"><span class='ocrx_word' id='word_1_9' title='bbox 941 649 1010 708; x_wconf 81' lang='lat' dir='ltr'>Otia</span> <span class='ocrx_word' id='word_1_10' title='bbox 1029 650 1088 723; x_wconf 87' lang='lat' dir='ltr'>jam</span> <span class='ocrx_word' id='word_1_11' title='bbox 1110 649 1232 728; x_wconf 85' lang='lat' dir='ltr'>ludique</span> <span class='ocrx_word' id='word_1_12' title='bbox 1253 657 1374 710; x_wconf 76' lang='lat' dir='ltr'>voomt:</span> <span class='ocrx_word' id='word_1_13' title='bbox 1404 652 1574 728; x_wconf 80' lang='lat' dir='ltr'>praesentia</span> <span class='ocrx_word' id='word_1_14' title='bbox 1591 652 1678 712; x_wconf 76' lang='lat' dir='ltr'>venit</span> <span class='ocrx_word' id='word_1_15' title='bbox 1728 709 1735 714; x_wconf 88' lang='lat'>.</span> 
     </span>
     <span class='ocr_line' id='line_1_4' title="bbox 940 733 1645 808; baseline 0.006 -18"><span class='ocrx_word' id='word_1_16' title='bbox 940 733 1138 808; x_wconf 69' lang='lat' dir='ltr'><strong>Adspicienda</strong></span> <span class='ocrx_word' id='word_1_17' title='bbox 1159 735 1235 805; x_wconf 87' lang='lat' dir='ltr'>oosi;</span> <span class='ocrx_word' id='word_1_18' title='bbox 1258 755 1397 796; x_wconf 86' lang='lat' dir='ltr'>manuum</span> <span class='ocrx_word' id='word_1_19' title='bbox 1417 735 1546 807; x_wconf 84' lang='lat' dir='ltr'>collutis,</span> <span class='ocrx_word' id='word_1_20' title='bbox 1569 736 1645 794; x_wconf 84' lang='lat' dir='ltr'>siant</span> 
     </span>
     <span class='ocr_line' id='line_1_5' title="bbox 940 818 1701 898; baseline 0.007 -24"><span class='ocrx_word' id='word_1_21' title='bbox 940 818 1103 876; x_wconf 80' lang='lat' dir='ltr'>Sumendos</span> <span class='ocrx_word' id='word_1_22' title='bbox 1123 819 1238 894; x_wconf 87' lang='lat' dir='ltr'>praeiit,</span> <span class='ocrx_word' id='word_1_23' title='bbox 1265 819 1308 878; x_wconf 88' lang='lat' dir='ltr'>sio</span> <span class='ocrx_word' id='word_1_24' title='bbox 1329 825 1461 895; x_wconf 84' lang='lat' dir='ltr'>sumptos</span> <span class='ocrx_word' id='word_1_25' title='bbox 1482 821 1540 880; x_wconf 87' lang='lat' dir='ltr'>rite</span> <span class='ocrx_word' id='word_1_26' title='bbox 1561 827 1701 898; x_wconf 80' lang='lat' dir='ltr'>serpuatur</span> 
     </span>
     <span class='ocr_line' id='line_1_6' title="bbox 940 903 1789 980; baseline 0.002 -20"><span class='ocrx_word' id='word_1_27' title='bbox 940 905 1008 960; x_wconf 90' lang='lat' dir='ltr'>Non</span> <span class='ocrx_word' id='word_1_28' title='bbox 1031 903 1193 976; x_wconf 88' lang='lat' dir='ltr'>spernendo</span> <span class='ocrx_word' id='word_1_29' title='bbox 1214 903 1309 972; x_wconf 67' lang='lat' dir='ltr'>cibem</span> <span class='ocrx_word' id='word_1_30' title='bbox 1333 903 1385 962; x_wconf 84' lang='lat' dir='ltr'>sed</span> <span class='ocrx_word' id='word_1_31' title='bbox 1406 923 1466 962; x_wconf 85' lang='lat' dir='ltr'>non</span> <span class='ocrx_word' id='word_1_32' title='bbox 1484 905 1678 980; x_wconf 63' lang='lat' dir='ltr'>genardum&gt;</span> <span class='ocrx_word' id='word_1_33' title='bbox 1695 920 1789 963; x_wconf 88' lang='lat' dir='ltr'>unum</span> 
     </span>
    </p>

    <p class='ocr_par' dir='ltr' id='par_1_3' title="bbox 854 983 1846 1317">
     <span class='ocr_line' id='line_1_7' title="bbox 854 983 1820 1066; baseline 0.006 -24"><span class='ocrx_word' id='word_1_34' title='bbox 854 987 915 1042; x_wconf 75' lang='lat'>425</span> <span class='ocrx_word' id='word_1_35' title='bbox 940 983 1057 1060; x_wconf 78' lang='lat' dir='ltr'>Quippe</span> <span class='ocrx_word' id='word_1_36' title='bbox 1078 986 1203 1062; x_wconf 79' lang='lat' dir='ltr'>requirit</span> <span class='ocrx_word' id='word_1_37' title='bbox 1222 988 1334 1059; x_wconf 73' lang='lat' dir='ltr'>hmum,</span> <span class='ocrx_word' id='word_1_38' title='bbox 1355 987 1409 1065; x_wconf 88' lang='lat' dir='ltr'>qui</span> <span class='ocrx_word' id='word_1_39' title='bbox 1429 995 1514 1050; x_wconf 86' lang='lat' dir='ltr'>tanto</span> <span class='ocrx_word' id='word_1_40' title='bbox 1530 993 1697 1066; x_wconf 64' lang='lat' dir='ltr'>‹praerogat</span> <span class='ocrx_word' id='word_1_41' title='bbox 1724 993 1758 1048; x_wconf 83' lang='lat' dir='ltr'>ut</span> <span class='ocrx_word' id='word_1_42' title='bbox 1780 987 1820 1048; x_wconf 81' lang='lat' dir='ltr'>sit</span> 
     </span>
     <span class='ocr_line' id='line_1_8' title="bbox 941 1068 1716 1149; baseline 0.006 -23"><span class='ocrx_word' id='word_1_43' title='bbox 941 1068 1040 1127; x_wconf 81' lang='lat' dir='ltr'>Solius</span> <span class='ocrx_word' id='word_1_44' title='bbox 1061 1069 1113 1128; x_wconf 82' lang='lat' dir='ltr'>ill&#39;e</span> <span class='ocrx_word' id='word_1_45' title='bbox 1135 1069 1200 1130; x_wconf 76' lang='lat' dir='ltr'>sui:</span> <span class='ocrx_word' id='word_1_46' title='bbox 1220 1071 1316 1148; x_wconf 87' lang='lat' dir='ltr'>capiat</span> <span class='ocrx_word' id='word_1_47' title='bbox 1337 1072 1417 1148; x_wconf 80' lang='lat' dir='ltr'>prior</span> <span class='ocrx_word' id='word_1_48' title='bbox 1437 1075 1512 1134; x_wconf 87' lang='lat' dir='ltr'>hanc</span> <span class='ocrx_word' id='word_1_49' title='bbox 1534 1073 1622 1132; x_wconf 89' lang='lat' dir='ltr'>herus</span> <span class='ocrx_word' id='word_1_50' title='bbox 1642 1073 1716 1149; x_wconf 85' lang='lat' dir='ltr'>ipse,</span> 
     </span>
     <span class='ocr_line' id='line_1_9' title="bbox 935 1153 1846 1236; baseline 0.007 -28"><span class='ocrx_word' id='word_1_51' title='bbox 935 1153 1104 1211; x_wconf 79' lang='lat' dir='ltr'>Postremus</span> <span class='ocrx_word' id='word_1_52' title='bbox 1126 1161 1364 1233; x_wconf 63' lang='lat' dir='ltr'>quoqusunpst</span> <span class='ocrx_word' id='word_1_53' title='bbox 1383 1176 1475 1236; x_wconf 83' lang='lat' dir='ltr'>aquas</span> <span class='ocrx_word' id='word_1_54' title='bbox 1503 1158 1670 1236; x_wconf 77' lang='lat' dir='ltr'>quinisque</span> <span class='ocrx_word' id='word_1_55' title='bbox 1690 1157 1846 1216; x_wconf 86' lang='lat' dir='ltr'>minorum.</span> 
     </span>
     <span class='ocr_line' id='line_1_10' title="bbox 937 1236 1604 1317; baseline 0.013 -24"><span class='ocrx_word' id='word_1_56' title='bbox 937 1236 1012 1294; x_wconf 88' lang='lat' dir='ltr'>Inde</span> <span class='ocrx_word' id='word_1_57' title='bbox 1034 1237 1102 1296; x_wconf 81' lang='lat' dir='ltr'>vale</span> <span class='ocrx_word' id='word_1_58' title='bbox 1123 1239 1195 1300; x_wconf 89' lang='lat' dir='ltr'>dicit</span> <span class='ocrx_word' id='word_1_59' title='bbox 1216 1247 1338 1314; x_wconf 75' lang='lat' dir='ltr'>turgens</span> <span class='ocrx_word' id='word_1_60' title='bbox 1359 1242 1476 1317; x_wconf 78' lang='lat' dir='ltr'>majoris</span> <span class='ocrx_word' id='word_1_61' title='bbox 1497 1245 1534 1302; x_wconf 90' lang='lat' dir='ltr'>ab</span> <span class='ocrx_word' id='word_1_62' title='bbox 1554 1261 1604 1302; x_wconf 85' lang='lat' dir='ltr'>ore</span> 
     </span>
    </p>

    <p class='ocr_par' dir='ltr' id='par_1_4' title="bbox 812 1320 1752 1403">
     <span class='ocr_line' id='line_1_11' title="bbox 812 1320 1752 1403; baseline 0.01 -27"><span class='ocrx_word' id='word_1_63' title='bbox 812 1386 818 1398; x_wconf 34' lang='grc' dir='ltr'>ι</span> <span class='ocrx_word' id='word_1_64' title='bbox 939 1320 1163 1399; x_wconf 89' lang='lat' dir='ltr'>Procedensqne</span> <span class='ocrx_word' id='word_1_65' title='bbox 1184 1323 1261 1384; x_wconf 83' lang='lat' dir='ltr'>calix</span> <span class='ocrx_word' id='word_1_66' title='bbox 1282 1343 1335 1402; x_wconf 82' lang='lat' dir='ltr'>por</span> <span class='ocrx_word' id='word_1_67' title='bbox 1356 1326 1510 1403; x_wconf 84' lang='lat' dir='ltr'>quoslibet.</span> <span class='ocrx_word' id='word_1_68' title='bbox 1526 1327 1637 1398; x_wconf 75' lang='lat' dir='ltr'>orditus,</span> <span class='ocrx_word' id='word_1_69' title='bbox 1659 1327 1752 1386; x_wconf 88' lang='lat' dir='ltr'>donec</span> 
     </span>
    </p>

    <p class='ocr_par' dir='ltr' id='par_1_5' title="bbox 855 1406 1655 1486">
     <span class='ocr_line' id='line_1_12' title="bbox 855 1406 1655 1486; baseline 0.011 -25"><span class='ocrx_word' id='word_1_70' title='bbox 855 1407 916 1463; x_wconf 84' lang='lat'>430</span> <span class='ocrx_word' id='word_1_71' title='bbox 939 1407 1078 1464; x_wconf 61' lang='lat' dir='ltr'>Asbotos</span> <span class='ocrx_word' id='word_1_72' title='bbox 1099 1406 1230 1468; x_wconf 79' lang='lat' dir='ltr'>biberint</span> <span class='ocrx_word' id='word_1_73' title='bbox 1249 1415 1282 1468; x_wconf 91' lang='lat' dir='ltr'>et</span> <span class='ocrx_word' id='word_1_74' title='bbox 1301 1429 1367 1470; x_wconf 87' lang='lat' dir='ltr'>cunr</span> <span class='ocrx_word' id='word_1_75' title='bbox 1388 1412 1498 1486; x_wconf 84' lang='lat' dir='ltr'>mojona</span> <span class='ocrx_word' id='word_1_76' title='bbox 1517 1411 1655 1470; x_wconf 87' lang='lat' dir='ltr'>ministri.</span> 
     </span>
    </p>

    <p class='ocr_par' dir='ltr' id='par_1_6' title="bbox 936 1487 1711 1824">
     <span class='ocr_line' id='line_1_13' title="bbox 936 1487 1674 1572; baseline 0.012 -27"><span class='ocrx_word' id='word_1_77' title='bbox 936 1487 1002 1546; x_wconf 85' lang='lat' dir='ltr'>Hoc</span> <span class='ocrx_word' id='word_1_78' title='bbox 1021 1489 1096 1566; x_wconf 84' lang='lat' dir='ltr'>ipsis</span> <span class='ocrx_word' id='word_1_79' title='bbox 1118 1493 1201 1569; x_wconf 87' lang='lat' dir='ltr'>qussi</span> <span class='ocrx_word' id='word_1_80' title='bbox 1223 1493 1332 1554; x_wconf 81' lang='lat' dir='ltr'>servati</span> <span class='ocrx_word' id='word_1_81' title='bbox 1351 1495 1509 1556; x_wconf 76' lang='lat' dir='ltr'><strong>retributio</strong></span> <span class='ocrx_word' id='word_1_82' title='bbox 1530 1496 1674 1572; x_wconf 82' lang='lat' dir='ltr'>quaedam</span> 
     </span>
     <span class='ocr_line' id='line_1_14' title="bbox 939 1573 1647 1655; baseline 0.008 -25"><span class='ocrx_word' id='word_1_83' title='bbox 939 1573 1099 1652; x_wconf 83' lang='lat' dir='ltr'>Obsequii:</span> <span class='ocrx_word' id='word_1_84' title='bbox 1127 1576 1169 1636; x_wconf 89' lang='lat' dir='ltr'>sic</span> <span class='ocrx_word' id='word_1_85' title='bbox 1191 1597 1255 1638; x_wconf 87' lang='lat' dir='ltr'>mos</span> <span class='ocrx_word' id='word_1_86' title='bbox 1273 1577 1416 1638; x_wconf 86' lang='lat' dir='ltr'>inolevit:</span> <span class='ocrx_word' id='word_1_87' title='bbox 1441 1581 1510 1655; x_wconf 76' lang='lat' dir='ltr'>inre</span> <span class='ocrx_word' id='word_1_88' title='bbox 1528 1579 1647 1638; x_wconf 87' lang='lat' dir='ltr'>videtur</span> 
     </span>
     <span class='ocr_line' id='line_1_15' title="bbox 937 1657 1711 1741; baseline 0.008 -25"><span class='ocrx_word' id='word_1_89' title='bbox 937 1657 1047 1718; x_wconf 87' lang='lat' dir='ltr'>Deberi</span> <span class='ocrx_word' id='word_1_90' title='bbox 1065 1660 1239 1740; x_wconf 64' lang='lat' dir='ltr'>typicasque</span> <span class='ocrx_word' id='word_1_91' title='bbox 1260 1663 1371 1734; x_wconf 81' lang='lat' dir='ltr'>rudem,</span> <span class='ocrx_word' id='word_1_92' title='bbox 1394 1683 1468 1741; x_wconf 79' lang='lat' dir='ltr'>quse</span> <span class='ocrx_word' id='word_1_93' title='bbox 1487 1665 1608 1724; x_wconf 78' lang='lat' dir='ltr'>mandat</span> <span class='ocrx_word' id='word_1_94' title='bbox 1628 1662 1711 1722; x_wconf 77' lang='lat' dir='ltr'>abiae</span> 
     </span>
     <span class='ocr_line' id='line_1_16' title="bbox 938 1741 1658 1824; baseline 0.006 -23"><span class='ocrx_word' id='word_1_95' title='bbox 938 1741 1020 1802; x_wconf 82' lang='lat' dir='ltr'>Toto</span> <span class='ocrx_word' id='word_1_96' title='bbox 1033 1745 1161 1806; x_wconf 79' lang='lat' dir='ltr'>dmente</span> <span class='ocrx_word' id='word_1_97' title='bbox 1182 1746 1357 1808; x_wconf 66' lang='grc'><strong>1000100100</strong></span> <span class='ocrx_word' id='word_1_98' title='bbox 1379 1753 1510 1824; x_wconf 82' lang='lat' dir='ltr'>tempore</span> <span class='ocrx_word' id='word_1_99' title='bbox 1532 1767 1658 1808; x_wconf 82' lang='lat' dir='ltr'>mensae.</span> 
     </span>
    </p>

    <p class='ocr_par' dir='ltr' id='par_1_7' title="bbox 854 1825 1804 1994">
     <span class='ocr_line' id='line_1_17' title="bbox 854 1825 1804 1906; baseline 0.006 -24"><span class='ocrx_word' id='word_1_100' title='bbox 854 1827 914 1884; x_wconf 81' lang='lat'>435</span> <span class='ocrx_word' id='word_1_101' title='bbox 938 1825 972 1884; x_wconf 84' lang='lat' dir='ltr'>Si</span> <span class='ocrx_word' id='word_1_102' title='bbox 993 1834 1093 1890; x_wconf 83' lang='lat' dir='ltr'>tamen</span> <span class='ocrx_word' id='word_1_103' title='bbox 1112 1829 1172 1890; x_wconf 81' lang='lat' dir='ltr'>&#39;ista</span> <span class='ocrx_word' id='word_1_104' title='bbox 1192 1851 1275 1891; x_wconf 88' lang='lat' dir='ltr'>secus</span> <span class='ocrx_word' id='word_1_105' title='bbox 1298 1830 1364 1906; x_wconf 86' lang='lat' dir='ltr'>(nec</span> <span class='ocrx_word' id='word_1_106' title='bbox 1384 1832 1464 1892; x_wconf 88' lang='lat' dir='ltr'>enim</span> <span class='ocrx_word' id='word_1_107' title='bbox 1485 1852 1549 1892; x_wconf 89' lang='lat' dir='ltr'>mos</span> <span class='ocrx_word' id='word_1_108' title='bbox 1569 1832 1707 1892; x_wconf 87' lang='lat' dir='ltr'>omnibus</span> <span class='ocrx_word' id='word_1_109' title='bbox 1727 1830 1804 1890; x_wconf 83' lang='lat' dir='ltr'>idem</span> 
     </span>
     <span class='ocr_line' id='line_1_18' title="bbox 939 1909 1703 1994; baseline 0.005 -24"><span class='ocrx_word' id='word_1_110' title='bbox 939 1909 1124 1989; x_wconf 69' lang='lat' dir='ltr'>Oontigerit),</span> <span class='ocrx_word' id='word_1_111' title='bbox 1147 1934 1194 1974; x_wconf 89' lang='lat' dir='ltr'>me</span> <span class='ocrx_word' id='word_1_112' title='bbox 1215 1917 1252 1975; x_wconf 89' lang='lat' dir='ltr'>de</span> <span class='ocrx_word' id='word_1_113' title='bbox 1272 1915 1347 1976; x_wconf 76' lang='lat' dir='ltr'>falso</span> <span class='ocrx_word' id='word_1_114' title='bbox 1368 1936 1428 1976; x_wconf 91' lang='lat' dir='ltr'>non</span> <span class='ocrx_word' id='word_1_115' title='bbox 1447 1935 1546 1991; x_wconf 65' lang='grc'><strong>00300,</strong></span> <span class='ocrx_word' id='word_1_116' title='bbox 1567 1917 1620 1994; x_wconf 85' lang='lat' dir='ltr'>qni</span> <span class='ocrx_word' id='word_1_117' title='bbox 1641 1933 1703 1974; x_wconf 89' lang='lat' dir='ltr'>non</span> 
     </span>
    </p>
   </div>
   <div class='ocr_carea' id='block_1_3' title="bbox 853 1997 1754 2331">
    <p class='ocr_par' dir='ltr' id='par_1_8' title="bbox 938 1997 1688 2077">
     <span class='ocr_line' id='line_1_19' title="bbox 938 1997 1688 2077; baseline 0.003 -21"><span class='ocrx_word' id='word_1_118' title='bbox 938 1997 1053 2070; x_wconf 80' lang='lat' dir='ltr'>Omnis,</span> <span class='ocrx_word' id='word_1_119' title='bbox 1075 2017 1150 2076; x_wconf 85' lang='lat' dir='ltr'>quse</span> <span class='ocrx_word' id='word_1_120' title='bbox 1171 2001 1265 2060; x_wconf 85' lang='lat' dir='ltr'>menti</span> <span class='ocrx_word' id='word_1_121' title='bbox 1286 2007 1423 2077; x_wconf 89' lang='lat' dir='ltr'>poterant</span> <span class='ocrx_word' id='word_1_122' title='bbox 1443 2019 1601 2070; x_wconf 73' lang='lat' dir='ltr'>cacunem,</span> <span class='ocrx_word' id='word_1_123' title='bbox 1623 2001 1688 2058; x_wconf 83' lang='lat' dir='ltr'>dm</span> 
     </span>
    </p>

    <p class='ocr_par' dir='ltr' id='par_1_9' title="bbox 937 2082 1710 2162">
     <span class='ocr_line' id='line_1_20' title="bbox 937 2082 1710 2162; baseline 0.009 -25"><span class='ocrx_word' id='word_1_124' title='bbox 937 2082 1002 2140; x_wconf 86' lang='lat' dir='ltr'>Nee</span> <span class='ocrx_word' id='word_1_125' title='bbox 1023 2100 1127 2155; x_wconf 80' lang='lat' dir='ltr'>mores,</span> <span class='ocrx_word' id='word_1_126' title='bbox 1146 2085 1234 2159; x_wconf 78' lang='lat' dir='ltr'>juxta</span> <span class='ocrx_word' id='word_1_127' title='bbox 1252 2104 1326 2162; x_wconf 87' lang='lat' dir='ltr'>quos</span> <span class='ocrx_word' id='word_1_128' title='bbox 1346 2086 1383 2144; x_wconf 82' lang='lat' dir='ltr'>fit</span> <span class='ocrx_word' id='word_1_129' title='bbox 1402 2085 1535 2156; x_wconf 84' lang='lat' dir='ltr'>mutatio,</span> <span class='ocrx_word' id='word_1_130' title='bbox 1556 2084 1638 2144; x_wconf 79' lang='lat' dir='ltr'>nori.</span> <span class='ocrx_word' id='word_1_131' title='bbox 1694 2091 1710 2117; x_wconf 73' lang='lat'>&#39;³</span> 
     </span>
    </p>

    <p class='ocr_par' dir='ltr' id='par_1_10' title="bbox 853 2165 1754 2331">
     <span class='ocr_line' id='line_1_21' title="bbox 941 2165 1715 2245; baseline 0.006 -22"><span class='ocrx_word' id='word_1_132' title='bbox 941 2165 1011 2226; x_wconf 84' lang='lat' dir='ltr'>Sum</span> <span class='ocrx_word' id='word_1_133' title='bbox 1033 2187 1134 2227; x_wconf 85' lang='lat' dir='ltr'>veram</span> <span class='ocrx_word' id='word_1_134' title='bbox 1156 2189 1209 2245; x_wconf 91' lang='lat' dir='ltr'>pro</span> <span class='ocrx_word' id='word_1_135' title='bbox 1231 2177 1314 2245; x_wconf 81' lang='lat' dir='ltr'>porte</span> <span class='ocrx_word' id='word_1_136' title='bbox 1335 2169 1381 2228; x_wconf 87' lang='lat' dir='ltr'>rei</span> <span class='ocrx_word' id='word_1_137' title='bbox 1401 2171 1510 2244; x_wconf 64' lang='lat' dir='ltr'>mnjore</span> <span class='ocrx_word' id='word_1_138' title='bbox 1530 2169 1646 2228; x_wconf 82' lang='lat' dir='ltr'>loeutus</span> <span class='ocrx_word' id='word_1_139' title='bbox 1711 2192 1715 2211; x_wconf 72' lang='lat'>¹</span> 
     </span>
     <span class='ocr_line' id='line_1_22' title="bbox 853 2249 1754 2331; baseline 0.004 -25"><span class='ocrx_word' id='word_1_140' title='bbox 853 2251 916 2308; x_wconf 82' lang='lat'>440</span> <span class='ocrx_word' id='word_1_141' title='bbox 937 2249 1137 2331; x_wconf 82' lang='lat' dir='ltr'>Doctoresque</span> <span class='ocrx_word' id='word_1_142' title='bbox 1157 2272 1246 2324; x_wconf 83' lang='lat' dir='ltr'>meos,</span> <span class='ocrx_word' id='word_1_143' title='bbox 1270 2272 1342 2330; x_wconf 88' lang='lat' dir='ltr'>qnos</span> <span class='ocrx_word' id='word_1_144' title='bbox 1363 2273 1395 2313; x_wconf 87' lang='lat' dir='ltr'>re</span> <span class='ocrx_word' id='word_1_145' title='bbox 1415 2271 1536 2331; x_wconf 74' lang='lat' dir='ltr'>sequor„</span> <span class='ocrx_word' id='word_1_146' title='bbox 1556 2273 1606 2312; x_wconf 90' lang='lat' dir='ltr'>ore</span> <span class='ocrx_word' id='word_1_147' title='bbox 1627 2257 1754 2312; x_wconf 85' lang='lat' dir='ltr'>secutus.</span> 
     </span>
    </p>
   </div>
   <div class='ocr_carea' id='block_1_4' title="bbox 368 2353 2294 3220">
    <p class='ocr_par' dir='ltr' id='par_1_11' title="bbox 368 2353 2294 3220">
     <span class='ocr_line' id='line_1_23' title="bbox 1146 2353 1512 2432; baseline -0.003 -20"><span class='ocrx_word' id='word_1_148' title='bbox 1146 2353 1279 2432; x_wconf 75' lang='lat' dir='ltr'>Explicit</span> <span class='ocrx_word' id='word_1_149' title='bbox 1300 2353 1512 2430; x_wconf 76' lang='lat' dir='ltr'>Phagifacctus.</span> 
     </span>
     <span class='ocr_line' id='line_1_24' title="bbox 491 2456 2294 2564; baseline 0.008 -42"><span class='ocrx_word' id='word_1_150' title='bbox 491 2456 568 2524; x_wconf 90' lang='lat' dir='ltr'>VII.</span> <span class='ocrx_word' id='word_1_151' title='bbox 590 2459 768 2532; x_wconf 85' lang='lat' dir='ltr'>Proverbia</span> <span class='ocrx_word' id='word_1_152' title='bbox 783 2465 937 2540; x_wconf 76' lang='lat' dir='ltr'><em>ALANJ</em></span> <span class='ocrx_word' id='word_1_153' title='bbox 943 2473 983 2542; x_wconf 90' lang='lat' dir='ltr'>ad</span> <span class='ocrx_word' id='word_1_154' title='bbox 992 2475 1231 2544; x_wconf 82' lang='lat' dir='ltr'>instructionem</span> <span class='ocrx_word' id='word_1_155' title='bbox 1245 2500 1370 2545; x_wconf 89' lang='lat' dir='ltr'>morum</span> <span class='ocrx_word' id='word_1_156' title='bbox 1385 2487 1482 2564; x_wconf 87' lang='lat' dir='ltr'>atque</span> <span class='ocrx_word' id='word_1_157' title='bbox 1494 2473 1750 2540; x_wconf 77' lang='lat' dir='ltr'>reformationem</span> <span class='ocrx_word' id='word_1_158' title='bbox 1765 2473 1850 2540; x_wconf 89' lang='lat' dir='ltr'>vitae</span> <span class='ocrx_word' id='word_1_159' title='bbox 1865 2471 2052 2560; x_wconf 81' lang='lat' dir='ltr'>deturpatae</span> <span class='ocrx_word' id='word_1_160' title='bbox 2066 2495 2137 2537; x_wconf 91' lang='lat' dir='ltr'>cum</span> <span class='ocrx_word' id='word_1_161' title='bbox 2149 2473 2294 2537; x_wconf 79' lang='lat' dir='ltr'>versione</span> 
     </span>
     <span class='ocr_line' id='line_1_25' title="bbox 369 2570 2293 2673; baseline 0.007 -42"><span class='ocrx_word' id='word_1_162' title='bbox 369 2570 552 2653; x_wconf 72' lang='lat' dir='ltr'>germanico</span> <span class='ocrx_word' id='word_1_163' title='bbox 567 2581 599 2636; x_wconf 89' lang='lat' dir='ltr'>et</span> <span class='ocrx_word' id='word_1_164' title='bbox 613 2573 727 2660; x_wconf 83' lang='lat' dir='ltr'>glossis</span> <span class='ocrx_word' id='word_1_165' title='bbox 740 2580 877 2668; x_wconf 88' lang='lat' dir='ltr'>margini</span> <span class='ocrx_word' id='word_1_166' title='bbox 892 2583 1068 2673; x_wconf 85' lang='lat' dir='ltr'>adscriptis.</span> <span class='ocrx_word' id='word_1_167' title='bbox 1084 2587 1138 2652; x_wconf 86' lang='lat' dir='ltr'>fol.</span> <span class='ocrx_word' id='word_1_168' title='bbox 1149 2587 1304 2652; x_wconf 78' lang='lat'>86-133.</span> <span class='ocrx_word' id='word_1_169' title='bbox 1320 2585 1483 2652; x_wconf 84' lang='lat' dir='ltr'>Subrius:</span> <span class='ocrx_word' id='word_1_170' title='bbox 1498 2585 1599 2650; x_wconf 87' lang='lat' dir='ltr'>Alani</span> <span class='ocrx_word' id='word_1_171' title='bbox 1611 2584 1782 2671; x_wconf 87' lang='lat' dir='ltr'>proverbia</span> <span class='ocrx_word' id='word_1_172' title='bbox 1798 2582 1973 2671; x_wconf 84' lang='lat' dir='ltr'>expliciunt</span> <span class='ocrx_word' id='word_1_173' title='bbox 1984 2582 2087 2647; x_wconf 88' lang='lat' dir='ltr'>fauste</span> <span class='ocrx_word' id='word_1_174' title='bbox 2101 2605 2184 2647; x_wconf 86' lang='lat' dir='ltr'>anno</span> <span class='ocrx_word' id='word_1_175' title='bbox 2202 2581 2293 2646; x_wconf 83' lang='lat'>1495.</span> 
     </span>
     <span class='ocr_line' id='line_1_26' title="bbox 454 2673 2293 2787; baseline 0.006 -44"><span class='ocrx_word' id='word_1_176' title='bbox 454 2673 505 2744; x_wconf 82' lang='lat' dir='ltr'>Of.</span> <span class='ocrx_word' id='word_1_177' title='bbox 528 2679 568 2747; x_wconf 91' lang='lat' dir='ltr'>de</span> <span class='ocrx_word' id='word_1_178' title='bbox 589 2679 694 2750; x_wconf 86' lang='lat' dir='ltr'>Alano</span> <span class='ocrx_word' id='word_1_179' title='bbox 718 2687 758 2753; x_wconf 88' lang='lat' dir='ltr'>ab</span> <span class='ocrx_word' id='word_1_180' title='bbox 780 2688 898 2758; x_wconf 88' lang='lat' dir='ltr'>Insulis</span> <span class='ocrx_word' id='word_1_181' title='bbox 920 2696 1025 2760; x_wconf 73' lang='lat' dir='ltr'>Erech</span> <span class='ocrx_word' id='word_1_182' title='bbox 1047 2695 1223 2784; x_wconf 83' lang='lat' dir='ltr'>Encyclop.</span> <span class='ocrx_word' id='word_1_183' title='bbox 1239 2695 1284 2761; x_wconf 92' lang='lat' dir='ltr'>II.</span> <span class='ocrx_word' id='word_1_184' title='bbox 1307 2719 1338 2787; x_wconf 84' lang='grc' dir='ltr'>ρ,</span> <span class='ocrx_word' id='word_1_185' title='bbox 1353 2695 1424 2761; x_wconf 86' lang='grc'><strong>315.</strong></span> <span class='ocrx_word' id='word_1_186' title='bbox 1454 2695 1600 2759; x_wconf 79' lang='lat' dir='ltr'>Histoire</span> <span class='ocrx_word' id='word_1_187' title='bbox 1621 2693 1666 2757; x_wconf 86' lang='lat' dir='ltr'>lit.</span> <span class='ocrx_word' id='word_1_188' title='bbox 1690 2691 1730 2756; x_wconf 91' lang='lat' dir='ltr'>de</span> <span class='ocrx_word' id='word_1_189' title='bbox 1750 2691 1783 2756; x_wconf 88' lang='lat' dir='ltr'>la</span> <span class='ocrx_word' id='word_1_190' title='bbox 1800 2691 1925 2758; x_wconf 84' lang='lat' dir='ltr'>Franco</span> <span class='ocrx_word' id='word_1_191' title='bbox 1948 2691 2041 2757; x_wconf 87' lang='lat' dir='ltr'>Tom.</span> <span class='ocrx_word' id='word_1_192' title='bbox 2058 2689 2150 2756; x_wconf 89' lang='lat' dir='ltr'>XVI.</span> <span class='ocrx_word' id='word_1_193' title='bbox 2174 2713 2205 2778; x_wconf 95' lang='grc' dir='ltr'>ρ.</span> <span class='ocrx_word' id='word_1_194' title='bbox 2220 2691 2293 2757; x_wconf 80' lang='grc'><strong>369.</strong></span> 
     </span>
     <span class='ocr_line' id='line_1_27' title="bbox 373 2783 2294 2904; baseline 0.007 -54"><span class='ocrx_word' id='word_1_195' title='bbox 373 2783 491 2854; x_wconf 63' lang='lat' dir='ltr'>Genese</span> <span class='ocrx_word' id='word_1_196' title='bbox 513 2789 558 2856; x_wconf 88' lang='lat' dir='ltr'>H.</span> <span class='ocrx_word' id='word_1_197' title='bbox 581 2793 610 2858; x_wconf 84' lang='lat'>2.</span> <span class='ocrx_word' id='word_1_198' title='bbox 647 2818 677 2880; x_wconf 90' lang='lat' dir='ltr'>p.</span> <span class='ocrx_word' id='word_1_199' title='bbox 702 2797 742 2862; x_wconf 83' lang='grc'>76</span> <span class='ocrx_word' id='word_1_200' title='bbox 766 2809 797 2866; x_wconf 83' lang='grc'>01</span> <span class='ocrx_word' id='word_1_201' title='bbox 826 2801 870 2868; x_wconf 94' lang='lat' dir='ltr'>II.</span> <span class='ocrx_word' id='word_1_202' title='bbox 893 2805 922 2870; x_wconf 86' lang='grc'><strong>3.</strong></span> <span class='ocrx_word' id='word_1_203' title='bbox 954 2828 986 2892; x_wconf 89' lang='lat' dir='ltr'>p.</span> <span class='ocrx_word' id='word_1_204' title='bbox 1009 2805 1080 2872; x_wconf 84' lang='lat'>833.</span> <span class='ocrx_word' id='word_1_205' title='bbox 1105 2841 1145 2852; x_wconf 88' lang='lat'><em>-</em></span> <span class='ocrx_word' id='word_1_206' title='bbox 1179 2805 1338 2886; x_wconf 84' lang='lat' dir='ltr'>Ultimum</span> <span class='ocrx_word' id='word_1_207' title='bbox 1367 2803 1472 2872; x_wconf 84' lang='lat' dir='ltr'>aditae</span> <span class='ocrx_word' id='word_1_208' title='bbox 1493 2813 1567 2870; x_wconf 88' lang='lat' dir='ltr'>sunt</span> <span class='ocrx_word' id='word_1_209' title='bbox 1597 2801 1663 2890; x_wconf 88' lang='lat' dir='ltr'>ejus</span> <span class='ocrx_word' id='word_1_210' title='bbox 1685 2803 1860 2890; x_wconf 87' lang='lat' dir='ltr'>parabolae</span> <span class='ocrx_word' id='word_1_211' title='bbox 1889 2825 1908 2866; x_wconf 88' lang='lat' dir='ltr'>a</span> <span class='ocrx_word' id='word_1_212' title='bbox 1937 2801 2143 2904; x_wconf 73' lang='lat' dir='ltr'>Serpilebenio</span> <span class='ocrx_word' id='word_1_213' title='bbox 2164 2799 2294 2866; x_wconf 87' lang='lat' dir='ltr'>Vratisl.</span> 
     </span>
     <span class='ocr_line' id='line_1_28' title="bbox 372 2893 2294 3002; baseline 0.008 -43"><span class='ocrx_word' id='word_1_214' title='bbox 372 2893 452 2962; x_wconf 85' lang='grc'><strong>1663</strong></span> <span class='ocrx_word' id='word_1_215' title='bbox 475 2909 507 2966; x_wconf 87' lang='lat' dir='ltr'>et</span> <span class='ocrx_word' id='word_1_216' title='bbox 535 2903 712 2994; x_wconf 74' lang='lat' dir='ltr'>aLeysero</span> <span class='ocrx_word' id='word_1_217' title='bbox 735 2909 768 2974; x_wconf 92' lang='lat' dir='ltr'>in</span> <span class='ocrx_word' id='word_1_218' title='bbox 797 2909 869 2978; x_wconf 92' lang='lat' dir='ltr'>hist.</span> <span class='ocrx_word' id='word_1_219' title='bbox 893 2925 978 3002; x_wconf 85' lang='lat' dir='ltr'>poet.</span> <span class='ocrx_word' id='word_1_220' title='bbox 1000 2915 1084 2980; x_wconf 90' lang='lat' dir='ltr'>med.</span> <span class='ocrx_word' id='word_1_221' title='bbox 1113 2939 1144 3002; x_wconf 94' lang='grc' dir='ltr'>ρ.</span> <span class='ocrx_word' id='word_1_222' title='bbox 1165 2915 1394 2996; x_wconf 79' lang='grc'><strong>1012-1064,;</strong></span> <span class='ocrx_word' id='word_1_223' title='bbox 1412 2933 1546 3002; x_wconf 84' lang='lat' dir='ltr'>qnorum</span> <span class='ocrx_word' id='word_1_224' title='bbox 1569 2913 1722 2980; x_wconf 77' lang='lat' dir='ltr'>librorum</span> <span class='ocrx_word' id='word_1_225' title='bbox 1744 2911 1882 2978; x_wconf 88' lang='lat' dir='ltr'>lectione</span> <span class='ocrx_word' id='word_1_226' title='bbox 1903 2921 1969 2976; x_wconf 85' lang='lat' dir='ltr'>tam</span> <span class='ocrx_word' id='word_1_227' title='bbox 1991 2910 2043 2976; x_wconf 91' lang='lat' dir='ltr'>hic</span> <span class='ocrx_word' id='word_1_228' title='bbox 2065 2909 2176 2994; x_wconf 85' lang='lat' dir='ltr'>codex,</span> <span class='ocrx_word' id='word_1_229' title='bbox 2199 2933 2294 2999; x_wconf 88' lang='lat' dir='ltr'>qnam</span> 
     </span>
     <span class='ocr_line' id='line_1_29' title="bbox 368 3005 2055 3117; baseline 0.008 -45"><span class='ocrx_word' id='word_1_230' title='bbox 368 3005 448 3074; x_wconf 88' lang='lat' dir='ltr'>alins</span> <span class='ocrx_word' id='word_1_231' title='bbox 469 3032 622 3102; x_wconf 90' lang='lat' dir='ltr'>perquam</span> <span class='ocrx_word' id='word_1_232' title='bbox 645 3016 744 3084; x_wconf 88' lang='lat' dir='ltr'>nitide</span> <span class='ocrx_word' id='word_1_233' title='bbox 768 3030 800 3087; x_wconf 90' lang='lat' dir='ltr'>et</span> <span class='ocrx_word' id='word_1_234' title='bbox 822 3034 969 3089; x_wconf 87' lang='lat' dir='ltr'>accurate</span> <span class='ocrx_word' id='word_1_235' title='bbox 991 3025 1137 3112; x_wconf 80' lang='lat' dir='ltr'>scriptus,</span> <span class='ocrx_word' id='word_1_236' title='bbox 1159 3047 1256 3113; x_wconf 88' lang='lat' dir='ltr'>qnam</span> <span class='ocrx_word' id='word_1_237' title='bbox 1275 3025 1346 3111; x_wconf 88' lang='lat' dir='ltr'>ipse</span> <span class='ocrx_word' id='word_1_238' title='bbox 1367 3023 1524 3111; x_wconf 89' lang='lat' dir='ltr'>possideo,</span> <span class='ocrx_word' id='word_1_239' title='bbox 1546 3024 1579 3088; x_wconf 90' lang='lat' dir='ltr'>in</span> <span class='ocrx_word' id='word_1_240' title='bbox 1601 3023 1679 3087; x_wconf 86' lang='lat' dir='ltr'>locis</span> <span class='ocrx_word' id='word_1_241' title='bbox 1700 3021 1866 3117; x_wconf 86' lang='lat' dir='ltr'>permultis</span> <span class='ocrx_word' id='word_1_242' title='bbox 1889 3021 2055 3109; x_wconf 82' lang='lat' dir='ltr'>discrepet</span> 
     </span>
     <span class='ocr_line' id='line_1_30' title="bbox 489 3120 1661 3220; baseline 0.008 -33"><span class='ocrx_word' id='word_1_243' title='bbox 489 3120 585 3190; x_wconf 92' lang='lat' dir='ltr'><strong>VIII.</strong></span> <span class='ocrx_word' id='word_1_244' title='bbox 628 3125 772 3195; x_wconf 82' lang='lat' dir='ltr'><strong>ALANI</strong></span> <span class='ocrx_word' id='word_1_245' title='bbox 795 3129 834 3196; x_wconf 89' lang='lat' dir='ltr'>de</span> <span class='ocrx_word' id='word_1_246' title='bbox 855 3143 925 3198; x_wconf 90' lang='lat' dir='ltr'>rota</span> <span class='ocrx_word' id='word_1_247' title='bbox 945 3133 1092 3199; x_wconf 77' lang='lat' dir='ltr'>fortunae</span> <span class='ocrx_word' id='word_1_248' title='bbox 1115 3145 1146 3200; x_wconf 85' lang='lat' dir='ltr'>et</span> <span class='ocrx_word' id='word_1_249' title='bbox 1169 3133 1261 3200; x_wconf 90' lang='lat' dir='ltr'>domo</span> <span class='ocrx_word' id='word_1_250' title='bbox 1285 3133 1362 3220; x_wconf 83' lang='lat' dir='ltr'>ejus.</span> <span class='ocrx_word' id='word_1_251' title='bbox 1393 3133 1446 3198; x_wconf 87' lang='grc'><strong>101.</strong></span> <span class='ocrx_word' id='word_1_252' title='bbox 1471 3131 1661 3196; x_wconf 86' lang='grc'><strong>134-138.</strong></span> 
     </span>
    </p>
   </div>
   <div class='ocr_carea' id='block_1_5' title="bbox 643 3239 1869 3527">
    <p class='ocr_par' dir='ltr' id='par_1_12' title="bbox 643 3239 1869 3527">
     <span class='ocr_line' id='line_1_31' title="bbox 643 3239 1685 3332; baseline -0.003 -26"><span class='ocrx_word' id='word_1_253' title='bbox 643 3317 652 3332; x_wconf 36' lang='grc' dir='ltr'><strong><em>Ι</em></strong></span> <span class='ocrx_word' id='word_1_254' title='bbox 773 3239 859 3307; x_wconf 78' lang='lat' dir='ltr'>Ina:</span> <span class='ocrx_word' id='word_1_255' title='bbox 898 3246 978 3310; x_wconf 83' lang='lat' dir='ltr'>Quid</span> <span class='ocrx_word' id='word_1_256' title='bbox 1000 3249 1120 3308; x_wconf 82' lang='lat' dir='ltr'>fortuna</span> <span class='ocrx_word' id='word_1_257' title='bbox 1140 3247 1218 3308; x_wconf 85' lang='lat' dir='ltr'>forat</span> <span class='ocrx_word' id='word_1_258' title='bbox 1239 3253 1271 3308; x_wconf 92' lang='lat' dir='ltr'>et</span> <span class='ocrx_word' id='word_1_259' title='bbox 1292 3267 1366 3325; x_wconf 86' lang='lat' dir='ltr'>quae</span> <span class='ocrx_word' id='word_1_260' title='bbox 1388 3245 1429 3309; x_wconf 91' lang='lat' dir='ltr'>sit</span> <span class='ocrx_word' id='word_1_261' title='bbox 1448 3246 1561 3308; x_wconf 85' lang='lat' dir='ltr'>mensio</span> <span class='ocrx_word' id='word_1_262' title='bbox 1583 3245 1685 3323; x_wconf 87' lang='lat' dir='ltr'>paucis</span> 
     </span>
     <span class='ocr_line' id='line_1_32' title="bbox 901 3346 1736 3426; baseline 0 -22"><span class='ocrx_word' id='word_1_263' title='bbox 901 3347 1044 3407; x_wconf 85' lang='lat' dir='ltr'>Versibus</span> <span class='ocrx_word' id='word_1_264' title='bbox 1063 3357 1209 3424; x_wconf 75' lang='lat' dir='ltr'>exponam</span> <span class='ocrx_word' id='word_1_265' title='bbox 1234 3346 1426 3426; x_wconf 83' lang='lat' dir='ltr'>mirandaque</span> <span class='ocrx_word' id='word_1_266' title='bbox 1447 3347 1576 3407; x_wconf 82' lang='lat' dir='ltr'>earmina</span> <span class='ocrx_word' id='word_1_267' title='bbox 1595 3360 1736 3422; x_wconf 83' lang='lat' dir='ltr'>promam.</span> 
     </span>
     <span class='ocr_line' id='line_1_33' title="bbox 900 3447 1869 3527; baseline -0.002 -21"><span class='ocrx_word' id='word_1_268' title='bbox 900 3449 955 3508; x_wconf 88' lang='lat' dir='ltr'>Est</span> <span class='ocrx_word' id='word_1_269' title='bbox 975 3467 1064 3524; x_wconf 90' lang='lat' dir='ltr'>rupes</span> <span class='ocrx_word' id='word_1_270' title='bbox 1084 3447 1173 3506; x_wconf 85' lang='lat' dir='ltr'>moris</span> <span class='ocrx_word' id='word_1_271' title='bbox 1194 3447 1227 3506; x_wconf 92' lang='lat' dir='ltr'>in</span> <span class='ocrx_word' id='word_1_272' title='bbox 1248 3447 1354 3519; x_wconf 89' lang='lat' dir='ltr'>medio,</span> <span class='ocrx_word' id='word_1_273' title='bbox 1376 3466 1463 3527; x_wconf 89' lang='lat' dir='ltr'>qnam</span> <span class='ocrx_word' id='word_1_274' title='bbox 1484 3449 1622 3506; x_wconf 79' lang='lat' dir='ltr'>verberet</span> <span class='ocrx_word' id='word_1_275' title='bbox 1642 3465 1751 3526; x_wconf 87' lang='lat' dir='ltr'>aequor</span> <span class='ocrx_word' id='word_1_276' title='bbox 1773 3449 1804 3505; x_wconf 90' lang='lat' dir='ltr'>et</span> <span class='ocrx_word' id='word_1_277' title='bbox 1826 3464 1869 3524; x_wconf 88' lang='lat' dir='ltr'>sq.</span> 
     </span>
    </p>
   </div>
   <div class='ocr_carea' id='block_1_6' title="bbox 367 3546 2293 3962">
    <p class='ocr_par' dir='ltr' id='par_1_13' title="bbox 367 3546 2293 3962">
     <span class='ocr_line' id='line_1_34' title="bbox 490 3546 2050 3642; baseline 0.002 -30"><span class='ocrx_word' id='word_1_278' title='bbox 490 3546 551 3614; x_wconf 89' lang='lat' dir='ltr'>IX.</span> <span class='ocrx_word' id='word_1_279' title='bbox 598 3547 812 3618; x_wconf 83' lang='lat' dir='ltr'>SENECAE</span> <span class='ocrx_word' id='word_1_280' title='bbox 835 3553 875 3618; x_wconf 92' lang='lat' dir='ltr'>de</span> <span class='ocrx_word' id='word_1_281' title='bbox 895 3551 1130 3618; x_wconf 76' lang='lat' dir='ltr'>infrunitorum</span> <span class='ocrx_word' id='word_1_282' title='bbox 1153 3552 1243 3634; x_wconf 79' lang='lat' dir='ltr'>(sici)</span> <span class='ocrx_word' id='word_1_283' title='bbox 1265 3552 1413 3618; x_wconf 86' lang='lat' dir='ltr'>remediis</span> <span class='ocrx_word' id='word_1_284' title='bbox 1434 3551 1517 3618; x_wconf 87' lang='lat' dir='ltr'>liber</span> <span class='ocrx_word' id='word_1_285' title='bbox 1539 3575 1610 3618; x_wconf 89' lang='lat' dir='ltr'>cum</span> <span class='ocrx_word' id='word_1_286' title='bbox 1632 3552 1756 3642; x_wconf 83' lang='lat' dir='ltr'>glossis.</span> <span class='ocrx_word' id='word_1_287' title='bbox 1784 3551 1839 3617; x_wconf 91' lang='grc'><strong>101.</strong></span> <span class='ocrx_word' id='word_1_288' title='bbox 1864 3551 2050 3616; x_wconf 78' lang='lat'>139-144.</span> 
     </span>
     <span class='ocr_line' id='line_1_35' title="bbox 452 3656 1353 3752; baseline 0.004 -30"><span class='ocrx_word' id='word_1_289' title='bbox 452 3656 492 3722; x_wconf 92' lang='lat' dir='ltr'>V.</span> <span class='ocrx_word' id='word_1_290' title='bbox 516 3658 668 3726; x_wconf 88' lang='lat' dir='ltr'>editiones</span> <span class='ocrx_word' id='word_1_291' title='bbox 690 3662 723 3726; x_wconf 89' lang='lat' dir='ltr'>in</span> <span class='ocrx_word' id='word_1_292' title='bbox 745 3661 924 3752; x_wconf 76' lang='lat' dir='ltr'>Scissoes’per</span> <span class='ocrx_word' id='word_1_293' title='bbox 945 3661 1130 3733; x_wconf 85' lang='lat' dir='ltr'>Handbuch</span> <span class='ocrx_word' id='word_1_294' title='bbox 1152 3661 1197 3728; x_wconf 92' lang='lat' dir='ltr'>II.</span> <span class='ocrx_word' id='word_1_295' title='bbox 1226 3686 1257 3750; x_wconf 91' lang='lat' dir='ltr'>p.</span> <span class='ocrx_word' id='word_1_296' title='bbox 1281 3661 1353 3728; x_wconf 86' lang='grc'><strong>921.</strong></span> 
     </span>
     <span class='ocr_line' id='line_1_36' title="bbox 451 3769 2293 3860; baseline 0.001 -26"><span class='ocrx_word' id='word_1_297' title='bbox 451 3769 489 3834; x_wconf 88' lang='lat' dir='ltr'>F.</span> <span class='ocrx_word' id='word_1_298' title='bbox 512 3771 621 3836; x_wconf 85' lang='lat' dir='ltr'>Hoosc</span> <span class='ocrx_word' id='word_1_299' title='bbox 643 3771 677 3835; x_wconf 91' lang='lat' dir='ltr'>in</span> <span class='ocrx_word' id='word_1_300' title='bbox 700 3772 773 3838; x_wconf 84' lang='lat' dir='ltr'>edit.</span> <span class='ocrx_word' id='word_1_301' title='bbox 797 3769 942 3839; x_wconf 81' lang='lat' dir='ltr'>Senecae</span> <span class='ocrx_word' id='word_1_302' title='bbox 957 3795 1015 3858; x_wconf 88' lang='lat' dir='ltr'>op.</span> <span class='ocrx_word' id='word_1_303' title='bbox 1045 3771 1118 3836; x_wconf 92' lang='lat' dir='ltr'>Vol.</span> <span class='ocrx_word' id='word_1_304' title='bbox 1134 3769 1197 3836; x_wconf 89' lang='lat' dir='ltr'><strong>III.</strong></span> <span class='ocrx_word' id='word_1_305' title='bbox 1219 3795 1251 3860; x_wconf 89' lang='lat' dir='ltr'>p.</span> <span class='ocrx_word' id='word_1_306' title='bbox 1267 3771 1361 3838; x_wconf 84' lang='lat' dir='ltr'>XVI.</span> <span class='ocrx_word' id='word_1_307' title='bbox 1384 3773 1470 3837; x_wconf 85' lang='lat' dir='ltr'>hunc</span> <span class='ocrx_word' id='word_1_308' title='bbox 1491 3772 1616 3854; x_wconf 81' lang='lat' dir='ltr'>libnrm,</span> <span class='ocrx_word' id='word_1_309' title='bbox 1640 3781 1775 3858; x_wconf 85' lang='lat' dir='ltr'>excepta</span> <span class='ocrx_word' id='word_1_310' title='bbox 1796 3769 1992 3860; x_wconf 76' lang='lat' dir='ltr'>praefatione</span> <span class='ocrx_word' id='word_1_311' title='bbox 2016 3781 2048 3836; x_wconf 90' lang='lat' dir='ltr'>et</span> <span class='ocrx_word' id='word_1_312' title='bbox 2070 3769 2293 3852; x_wconf 88' lang='lat' dir='ltr'>additionibus,</span> 
     </span>
     <span class='ocr_line' id='line_1_37' title="bbox 367 3878 1009 3962; baseline 0.003 -20"><span class='ocrx_word' id='word_1_313' title='bbox 367 3878 542 3962; x_wconf 89' lang='lat' dir='ltr'>genuinum</span> <span class='ocrx_word' id='word_1_314' title='bbox 566 3879 711 3947; x_wconf 83' lang='lat' dir='ltr'>Senecae</span> <span class='ocrx_word' id='word_1_315' title='bbox 734 3903 805 3948; x_wconf 88' lang='lat' dir='ltr'>esse</span> <span class='ocrx_word' id='word_1_316' title='bbox 827 3881 1009 3948; x_wconf 85' lang='lat' dir='ltr'>arbitratur.</span> 
     </span>
    </p>
   </div>
   <div class='ocr_carea' id='block_1_7' title="bbox 490 3987 2293 4080">
    <p class='ocr_par' dir='ltr' id='par_1_14' title="bbox 490 3987 2293 4080">
     <span class='ocr_line' id='line_1_38' title="bbox 490 3987 2293 4080; baseline -0.001 -26"><span class='ocrx_word' id='word_1_317' title='bbox 490 3989 532 4054; x_wconf 88' lang='lat' dir='ltr'>X.</span> <span class='ocrx_word' id='word_1_318' title='bbox 556 3991 694 4056; x_wconf 88' lang='lat' dir='ltr'>Diversa</span> <span class='ocrx_word' id='word_1_319' title='bbox 708 3991 782 4056; x_wconf 90' lang='lat' dir='ltr'>hinc</span> <span class='ocrx_word' id='word_1_320' title='bbox 796 3989 870 4056; x_wconf 90' lang='lat' dir='ltr'>inde</span> <span class='ocrx_word' id='word_1_321' title='bbox 884 4014 926 4056; x_wconf 83' lang='lat' dir='ltr'>ex</span> <span class='ocrx_word' id='word_1_322' title='bbox 941 3989 1119 4056; x_wconf 88' lang='lat' dir='ltr'>oratoribus</span> <span class='ocrx_word' id='word_1_323' title='bbox 1136 4001 1231 4079; x_wconf 90' lang='lat' dir='ltr'>atque</span> <span class='ocrx_word' id='word_1_324' title='bbox 1246 3990 1350 4080; x_wconf 89' lang='lat' dir='ltr'>poetis</span> <span class='ocrx_word' id='word_1_325' title='bbox 1366 4001 1516 4079; x_wconf 81' lang='lat' dir='ltr'>excerpta</span> <span class='ocrx_word' id='word_1_326' title='bbox 1531 3989 1571 4058; x_wconf 91' lang='lat' dir='ltr'>de</span> <span class='ocrx_word' id='word_1_327' title='bbox 1587 4001 1709 4079; x_wconf 86' lang='lat' dir='ltr'>septem</span> <span class='ocrx_word' id='word_1_328' title='bbox 1724 3989 1808 4056; x_wconf 82' lang='lat' dir='ltr'>vitiis</span> <span class='ocrx_word' id='word_1_329' title='bbox 1824 3989 2022 4079; x_wconf 84' lang='lat' dir='ltr'>capitalibus.</span> <span class='ocrx_word' id='word_1_330' title='bbox 2045 3987 2100 4055; x_wconf 82' lang='lat' dir='ltr'>sol.</span> <span class='ocrx_word' id='word_1_331' title='bbox 2117 3989 2293 4054; x_wconf 82' lang='lat'>145-146.</span> 
     </span>
    </p>
   </div>
   <div class='ocr_carea' id='block_1_8' title="bbox 366 4097 2294 5058">
    <p class='ocr_par' dir='ltr' id='par_1_15' title="bbox 366 4097 2294 5058">
     <span class='ocr_line' id='line_1_39' title="bbox 450 4097 1245 4187; baseline 0.001 -24"><span class='ocrx_word' id='word_1_332' title='bbox 450 4097 491 4164; x_wconf 91' lang='lat' dir='ltr'>V.</span> <span class='ocrx_word' id='word_1_333' title='bbox 521 4101 655 4166; x_wconf 79' lang='lat' dir='ltr'>Ditboer</span> <span class='ocrx_word' id='word_1_334' title='bbox 677 4100 709 4164; x_wconf 90' lang='lat' dir='ltr'>in</span> <span class='ocrx_word' id='word_1_335' title='bbox 730 4099 842 4166; x_wconf 85' lang='lat' dir='ltr'>Jahnii</span> <span class='ocrx_word' id='word_1_336' title='bbox 865 4100 971 4164; x_wconf 88' lang='lat' dir='ltr'>annal.</span> <span class='ocrx_word' id='word_1_337' title='bbox 997 4101 1090 4164; x_wconf 88' lang='grc'><strong>1828.</strong></span> <span class='ocrx_word' id='word_1_338' title='bbox 1118 4123 1150 4187; x_wconf 93' lang='lat' dir='ltr'>p.</span> <span class='ocrx_word' id='word_1_339' title='bbox 1172 4100 1245 4165; x_wconf 84' lang='lat'>310.</span> 
     </span>
     <span class='ocr_line' id='line_1_40' title="bbox 489 4207 1940 4299; baseline 0.001 -26"><span class='ocrx_word' id='word_1_340' title='bbox 489 4207 551 4273; x_wconf 89' lang='lat' dir='ltr'>XI.</span> <span class='ocrx_word' id='word_1_341' title='bbox 600 4209 845 4276; x_wconf 85' lang='lat' dir='ltr'><em>THEODULI</em></span> <span class='ocrx_word' id='word_1_342' title='bbox 860 4209 972 4295; x_wconf 84' lang='lat' dir='ltr'>ecloga</span> <span class='ocrx_word' id='word_1_343' title='bbox 994 4231 1066 4276; x_wconf 85' lang='lat' dir='ltr'>cum</span> <span class='ocrx_word' id='word_1_344' title='bbox 1088 4209 1235 4276; x_wconf 86' lang='lat' dir='ltr'>versione</span> <span class='ocrx_word' id='word_1_345' title='bbox 1254 4211 1440 4299; x_wconf 73' lang='lat' dir='ltr'>pemnonico</span> <span class='ocrx_word' id='word_1_346' title='bbox 1462 4219 1495 4276; x_wconf 89' lang='lat' dir='ltr'>et</span> <span class='ocrx_word' id='word_1_347' title='bbox 1516 4211 1642 4296; x_wconf 85' lang='lat' dir='ltr'>glossis.</span> <span class='ocrx_word' id='word_1_348' title='bbox 1672 4210 1726 4278; x_wconf 89' lang='grc'><strong>101.</strong></span> <span class='ocrx_word' id='word_1_349' title='bbox 1750 4209 1940 4276; x_wconf 86' lang='grc'><strong>148-165.</strong></span> 
     </span>
     <span class='ocr_line' id='line_1_41' title="bbox 451 4315 2294 4405; baseline -0.001 -23"><span class='ocrx_word' id='word_1_350' title='bbox 451 4316 651 4383; x_wconf 81' lang='lat' dir='ltr'>Novissimus</span> <span class='ocrx_word' id='word_1_351' title='bbox 675 4317 777 4383; x_wconf 91' lang='lat' dir='ltr'>editor</span> <span class='ocrx_word' id='word_1_352' title='bbox 798 4317 891 4404; x_wconf 91' lang='lat' dir='ltr'>hujus</span> <span class='ocrx_word' id='word_1_353' title='bbox 914 4318 1061 4382; x_wconf 89' lang='lat' dir='ltr'>carminis</span> <span class='ocrx_word' id='word_1_354' title='bbox 1082 4315 1120 4383; x_wconf 83' lang='lat' dir='ltr'>F.</span> <span class='ocrx_word' id='word_1_355' title='bbox 1143 4317 1183 4384; x_wconf 76' lang='lat' dir='ltr'>A.</span> <span class='ocrx_word' id='word_1_356' title='bbox 1209 4321 1295 4385; x_wconf 75' lang='lat' dir='ltr'>Bacis</span> <span class='ocrx_word' id='word_1_357' title='bbox 1314 4317 1506 4405; x_wconf 67' lang='lat' dir='ltr'>(Singaras.</span> <span class='ocrx_word' id='word_1_358' title='bbox 1531 4319 1628 4400; x_wconf 79' lang='lat'>1836)</span> <span class='ocrx_word' id='word_1_359' title='bbox 1651 4319 1761 4384; x_wconf 86' lang='lat' dir='ltr'>codice</span> <span class='ocrx_word' id='word_1_360' title='bbox 1783 4328 1903 4400; x_wconf 89' lang='lat' dir='ltr'>nostro,</span> <span class='ocrx_word' id='word_1_361' title='bbox 1927 4317 2018 4404; x_wconf 87' lang='lat' dir='ltr'>cujus</span> <span class='ocrx_word' id='word_1_362' title='bbox 2040 4317 2154 4384; x_wconf 84' lang='lat' dir='ltr'>notitia</span> <span class='ocrx_word' id='word_1_363' title='bbox 2174 4341 2238 4384; x_wconf 91' lang='lat' dir='ltr'>non</span> <span class='ocrx_word' id='word_1_364' title='bbox 2253 4317 2294 4384; x_wconf 91' lang='lat' dir='ltr'>ad</span> 
     </span>
     <span class='ocr_line' id='line_1_42' title="bbox 367 4429 1583 4512; baseline -0.002 -22"><span class='ocrx_word' id='word_1_365' title='bbox 367 4448 440 4490; x_wconf 90' lang='lat' dir='ltr'>eum</span> <span class='ocrx_word' id='word_1_366' title='bbox 462 4439 662 4512; x_wconf 83' lang='lat' dir='ltr'>pervenerat,</span> <span class='ocrx_word' id='word_1_367' title='bbox 686 4451 750 4492; x_wconf 90' lang='lat' dir='ltr'>non</span> <span class='ocrx_word' id='word_1_368' title='bbox 774 4449 848 4492; x_wconf 89' lang='lat' dir='ltr'>usus</span> <span class='ocrx_word' id='word_1_369' title='bbox 871 4438 927 4491; x_wconf 86' lang='lat' dir='ltr'>est.</span> <span class='ocrx_word' id='word_1_370' title='bbox 1472 4429 1474 4432; x_wconf 78' lang='grc'><strong>’</strong></span> <span class='ocrx_word' id='word_1_371' title='bbox 1581 4442 1583 4449; x_wconf 93' lang='grc'><em>·</em></span> 
     </span>
     <span class='ocr_line' id='line_1_43' title="bbox 490 4519 2166 4624; baseline -0.001 -24"><span class='ocrx_word' id='word_1_372' title='bbox 490 4534 569 4600; x_wconf 89' lang='lat' dir='ltr'>XII.</span> <span class='ocrx_word' id='word_1_373' title='bbox 615 4533 754 4601; x_wconf 83' lang='lat' dir='ltr'>Carmen</span> <span class='ocrx_word' id='word_1_374' title='bbox 778 4533 882 4602; x_wconf 89' lang='lat' dir='ltr'>Publii</span> <span class='ocrx_word' id='word_1_375' title='bbox 912 4533 1116 4602; x_wconf 76' lang='lat' dir='ltr'>VIRGILII</span> <span class='ocrx_word' id='word_1_376' title='bbox 1130 4535 1339 4606; x_wconf 78' lang='lat' dir='ltr'><em>MARONJS</em></span> <span class='ocrx_word' id='word_1_377' title='bbox 1361 4535 1400 4602; x_wconf 90' lang='lat' dir='ltr'>de</span> <span class='ocrx_word' id='word_1_378' title='bbox 1422 4535 1523 4605; x_wconf 86' lang='lat' dir='ltr'>livore</span> <span class='ocrx_word' id='word_1_379' title='bbox 1545 4519 1603 4602; x_wconf 83' lang='lat' dir='ltr'>sen</span> <span class='ocrx_word' id='word_1_380' title='bbox 1624 4535 1743 4605; x_wconf 88' lang='lat' dir='ltr'>invidia</span> <span class='ocrx_word' id='word_1_381' title='bbox 1765 4560 1837 4602; x_wconf 89' lang='lat' dir='ltr'>cum</span> <span class='ocrx_word' id='word_1_382' title='bbox 1859 4535 1983 4624; x_wconf 88' lang='lat' dir='ltr'>glossis.</span> <span class='ocrx_word' id='word_1_383' title='bbox 2016 4537 2071 4602; x_wconf 94' lang='grc'><strong>101.</strong></span> <span class='ocrx_word' id='word_1_384' title='bbox 2097 4535 2166 4602; x_wconf 89' lang='grc'>166.</span> 
     </span>
     <span class='ocr_line' id='line_1_44' title="bbox 453 4643 1742 4734; baseline 0.002 -26"><span class='ocrx_word' id='word_1_385' title='bbox 453 4643 494 4708; x_wconf 90' lang='lat' dir='ltr'>V.</span> <span class='ocrx_word' id='word_1_386' title='bbox 518 4643 580 4710; x_wconf 92' lang='lat' dir='ltr'>hoc</span> <span class='ocrx_word' id='word_1_387' title='bbox 602 4667 730 4710; x_wconf 86' lang='lat' dir='ltr'>carmen</span> <span class='ocrx_word' id='word_1_388' title='bbox 753 4643 786 4708; x_wconf 91' lang='lat' dir='ltr'>in</span> <span class='ocrx_word' id='word_1_389' title='bbox 807 4645 994 4710; x_wconf 78' lang='lat' dir='ltr'>Burmanni</span> <span class='ocrx_word' id='word_1_390' title='bbox 1015 4645 1199 4734; x_wconf 81' lang='lat' dir='ltr'>anthologia</span> <span class='ocrx_word' id='word_1_391' title='bbox 1221 4657 1282 4712; x_wconf 77' lang='lat' dir='ltr'>vet.</span> <span class='ocrx_word' id='word_1_392' title='bbox 1305 4657 1390 4734; x_wconf 88' lang='lat' dir='ltr'>poet.</span> <span class='ocrx_word' id='word_1_393' title='bbox 1412 4649 1466 4714; x_wconf 73' lang='lat' dir='ltr'>lat.</span> <span class='ocrx_word' id='word_1_394' title='bbox 1497 4645 1537 4712; x_wconf 83' lang='grc' dir='ltr'><strong>Τ.</strong></span> <span class='ocrx_word' id='word_1_395' title='bbox 1560 4647 1587 4710; x_wconf 93' lang='grc' dir='ltr'><strong>Ι.</strong></span> <span class='ocrx_word' id='word_1_396' title='bbox 1616 4649 1650 4734; x_wconf 69' lang='lat' dir='ltr'>p.</span> <span class='ocrx_word' id='word_1_397' title='bbox 1671 4647 1742 4712; x_wconf 78' lang='lat'>546.</span> 
     </span>
     <span class='ocr_line' id='line_1_45' title="bbox 488 4753 1905 4844; baseline 0.001 -25"><span class='ocrx_word' id='word_1_398' title='bbox 488 4753 587 4819; x_wconf 89' lang='lat' dir='ltr'><strong>XIII.</strong></span> <span class='ocrx_word' id='word_1_399' title='bbox 630 4753 738 4819; x_wconf 90' lang='lat' dir='ltr'>Publii</span> <span class='ocrx_word' id='word_1_400' title='bbox 765 4754 969 4820; x_wconf 77' lang='lat' dir='ltr'>VIRGILII</span> <span class='ocrx_word' id='word_1_401' title='bbox 984 4755 1194 4823; x_wconf 72' lang='lat' dir='ltr'><em>MARONJS</em></span> <span class='ocrx_word' id='word_1_402' title='bbox 1211 4753 1374 4823; x_wconf 85' lang='lat' dir='ltr'>Moratum</span> <span class='ocrx_word' id='word_1_403' title='bbox 1397 4779 1469 4822; x_wconf 88' lang='lat' dir='ltr'>cum</span> <span class='ocrx_word' id='word_1_404' title='bbox 1490 4753 1614 4844; x_wconf 87' lang='lat' dir='ltr'>glossis.</span> <span class='ocrx_word' id='word_1_405' title='bbox 1636 4757 1691 4823; x_wconf 88' lang='grc'><strong>101.</strong></span> <span class='ocrx_word' id='word_1_406' title='bbox 1716 4756 1905 4821; x_wconf 82' lang='grc'><strong>167-170.</strong></span> 
     </span>
     <span class='ocr_line' id='line_1_46' title="bbox 490 4859 2294 4953; baseline 0.001 -25"><span class='ocrx_word' id='word_1_407' title='bbox 490 4861 584 4928; x_wconf 86' lang='lat' dir='ltr'>XIV.</span> <span class='ocrx_word' id='word_1_408' title='bbox 630 4859 770 4928; x_wconf 85' lang='lat' dir='ltr'>Carmen</span> <span class='ocrx_word' id='word_1_409' title='bbox 799 4863 839 4928; x_wconf 90' lang='lat' dir='ltr'>de</span> <span class='ocrx_word' id='word_1_410' title='bbox 867 4864 1007 4930; x_wconf 88' lang='lat' dir='ltr'>moribus</span> <span class='ocrx_word' id='word_1_411' title='bbox 1037 4866 1212 4933; x_wconf 80' lang='lat' dir='ltr'>bessorum</span> <span class='ocrx_word' id='word_1_412' title='bbox 1242 4878 1275 4933; x_wconf 91' lang='lat' dir='ltr'>et</span> <span class='ocrx_word' id='word_1_413' title='bbox 1301 4865 1495 4932; x_wconf 86' lang='lat' dir='ltr'>studentium</span> <span class='ocrx_word' id='word_1_414' title='bbox 1524 4865 1643 4931; x_wconf 86' lang='lat' dir='ltr'>editum</span> <span class='ocrx_word' id='word_1_415' title='bbox 1673 4889 1693 4932; x_wconf 91' lang='lat' dir='ltr'>a</span> <span class='ocrx_word' id='word_1_416' title='bbox 1720 4865 1874 4953; x_wconf 85' lang='lat' dir='ltr'>magistro</span> <span class='ocrx_word' id='word_1_417' title='bbox 1901 4864 2047 4931; x_wconf 70' lang='lat' dir='ltr'>Iohanne</span> <span class='ocrx_word' id='word_1_418' title='bbox 2080 4861 2108 4927; x_wconf 85' lang='lat' dir='ltr'><strong>F</strong></span> <span class='ocrx_word' id='word_1_419' title='bbox 2110 4861 2221 4929; x_wconf 73' lang='lat' dir='ltr'>salu</span> <span class='ocrx_word' id='word_1_420' title='bbox 2255 4863 2294 4929; x_wconf 90' lang='lat' dir='ltr'>de</span> 
     </span>
     <span class='ocr_line' id='line_1_47' title="bbox 366 4971 2212 5058; baseline 0.002 -20"><span class='ocrx_word' id='word_1_421' title='bbox 366 4971 510 5038; x_wconf 89' lang='lat' dir='ltr'>Werdea</span> <span class='ocrx_word' id='word_1_422' title='bbox 533 4995 605 5037; x_wconf 87' lang='lat' dir='ltr'>cum</span> <span class='ocrx_word' id='word_1_423' title='bbox 626 4971 750 5058; x_wconf 91' lang='lat' dir='ltr'>glossis.</span> <span class='ocrx_word' id='word_1_424' title='bbox 780 4973 834 5039; x_wconf 89' lang='lat' dir='ltr'>fol.</span> <span class='ocrx_word' id='word_1_425' title='bbox 859 4973 929 5039; x_wconf 86' lang='grc'><strong>171.</strong></span> <span class='ocrx_word' id='word_1_426' title='bbox 2209 4982 2212 4991; x_wconf 82' lang='grc'><strong><em>’</em></strong></span> 
     </span>
    </p>
   </div>
   <div class='ocr_carea' id='block_1_9' title="bbox 366 5114 669 5124">
    <p class='ocr_par' dir='ltr' id='par_1_16' title="bbox 366 5114 669 5124">
     <span class='ocr_line' id='line_1_48' title="bbox 366 5114 669 5124; baseline 0.003 -3"><span class='ocrx_word' id='word_1_427' title='bbox 366 5114 444 5123; x_wconf 77' lang='grc'><em>...-</em></span> <span class='ocrx_word' id='word_1_428' title='bbox 605 5115 669 5124; x_wconf 66' lang='grc' dir='ltr'>..ι-</span> 
     </span>
    </p>
   </div>
   <div class='ocr_carea' id='block_1_10' title="bbox 359 5197 2294 5352">
    <p class='ocr_par' dir='ltr' id='par_1_17' title="bbox 359 5197 2294 5352">
     <span class='ocr_line' id='line_1_49' title="bbox 433 5197 2294 5268; baseline 0.003 -21"><span class='ocrx_word' id='word_1_429' title='bbox 433 5199 465 5247; x_wconf 89' lang='lat' dir='ltr'>V.</span> <span class='ocrx_word' id='word_1_430' title='bbox 482 5197 539 5252; x_wconf 79' lang='lat'>420.</span> <span class='ocrx_word' id='word_1_431' title='bbox 567 5199 633 5252; x_wconf 83' lang='lat' dir='ltr'>Lub.</span> <span class='ocrx_word' id='word_1_432' title='bbox 650 5208 772 5252; x_wconf 74' lang='lat' dir='ltr'>morsuu-</span> <span class='ocrx_word' id='word_1_433' title='bbox 790 5229 823 5239; x_wconf 97' lang='lat'>-</span> <span class='ocrx_word' id='word_1_434' title='bbox 858 5201 889 5252; x_wconf 90' lang='lat' dir='ltr'>V.</span> <span class='ocrx_word' id='word_1_435' title='bbox 906 5199 965 5254; x_wconf 82' lang='grc'><strong>421.</strong></span> <span class='ocrx_word' id='word_1_436' title='bbox 983 5199 1050 5254; x_wconf 83' lang='lat' dir='ltr'>Lub.</span> <span class='ocrx_word' id='word_1_437' title='bbox 1068 5208 1169 5252; x_wconf 75' lang='grc'><strong>000001.</strong></span> <span class='ocrx_word' id='word_1_438' title='bbox 1187 5228 1219 5237; x_wconf 97' lang='grc'>-</span> <span class='ocrx_word' id='word_1_439' title='bbox 1253 5202 1285 5251; x_wconf 88' lang='lat' dir='ltr'>V.</span> <span class='ocrx_word' id='word_1_440' title='bbox 1303 5199 1361 5252; x_wconf 88' lang='grc'><strong>422.</strong></span> <span class='ocrx_word' id='word_1_441' title='bbox 1386 5201 1454 5256; x_wconf 82' lang='lat' dir='ltr'>Lab.</span> <span class='ocrx_word' id='word_1_442' title='bbox 1469 5201 1628 5268; x_wconf 67' lang='grc'><strong>0001010010.</strong></span> <span class='ocrx_word' id='word_1_443' title='bbox 1646 5227 1681 5242; x_wconf 88' lang='grc'>-·</span> <span class='ocrx_word' id='word_1_444' title='bbox 1714 5201 1746 5252; x_wconf 89' lang='lat' dir='ltr'>V.</span> <span class='ocrx_word' id='word_1_445' title='bbox 1764 5199 1822 5257; x_wconf 82' lang='grc'><strong>426.</strong></span> <span class='ocrx_word' id='word_1_446' title='bbox 1848 5201 1916 5254; x_wconf 73' lang='lat' dir='ltr'>buu</span> <span class='ocrx_word' id='word_1_447' title='bbox 1933 5201 2086 5267; x_wconf 71' lang='grc' dir='ltr'><strong>0011001μο</strong></span> <span class='ocrx_word' id='word_1_448' title='bbox 2101 5201 2152 5265; x_wconf 79' lang='lat' dir='ltr'>ersi,</span> <span class='ocrx_word' id='word_1_449' title='bbox 2169 5215 2250 5268; x_wconf 65' lang='lat' dir='ltr'>nepus</span> <span class='ocrx_word' id='word_1_450' title='bbox 2265 5201 2294 5252; x_wconf 82' lang='lat' dir='ltr'>si</span> 
     </span>
     <span class='ocr_line' id='line_1_50' title="bbox 359 5281 2080 5352; baseline 0.004 -21"><span class='ocrx_word' id='word_1_451' title='bbox 359 5281 486 5346; x_wconf 82' lang='lat' dir='ltr'>jubentur</span> <span class='ocrx_word' id='word_1_452' title='bbox 502 5282 534 5333; x_wconf 79' lang='lat' dir='ltr'>ab</span> <span class='ocrx_word' id='word_1_453' title='bbox 551 5283 614 5349; x_wconf 82' lang='lat' dir='ltr'>ipso.</span> <span class='ocrx_word' id='word_1_454' title='bbox 631 5311 665 5322; x_wconf 92' lang='lat'>-</span> <span class='ocrx_word' id='word_1_455' title='bbox 692 5285 722 5336; x_wconf 91' lang='lat' dir='ltr'>V.</span> <span class='ocrx_word' id='word_1_456' title='bbox 740 5281 798 5336; x_wconf 80' lang='grc'><strong>421.</strong></span> <span class='ocrx_word' id='word_1_457' title='bbox 816 5301 914 5351; x_wconf 65' lang='lat' dir='ltr'>qusque</span> <span class='ocrx_word' id='word_1_458' title='bbox 930 5293 1027 5350; x_wconf 73' lang='lat' dir='ltr'>tcaput.</span> <span class='ocrx_word' id='word_1_459' title='bbox 1053 5284 1120 5338; x_wconf 77' lang='lat' dir='ltr'>nau</span> <span class='ocrx_word' id='word_1_460' title='bbox 1138 5284 1186 5336; x_wconf 79' lang='lat' dir='ltr'>los</span> <span class='ocrx_word' id='word_1_461' title='bbox 1203 5285 1292 5350; x_wconf 71' lang='grc'><strong>100011.</strong></span> <span class='ocrx_word' id='word_1_462' title='bbox 1308 5312 1343 5324; x_wconf 92' lang='lat'>-</span> <span class='ocrx_word' id='word_1_463' title='bbox 1369 5286 1401 5338; x_wconf 89' lang='lat' dir='ltr'>V.</span> <span class='ocrx_word' id='word_1_464' title='bbox 1418 5283 1476 5343; x_wconf 76' lang='lat'>434.</span> <span class='ocrx_word' id='word_1_465' title='bbox 1493 5287 1613 5343; x_wconf 68' lang='lat' dir='ltr'>drumm.</span> <span class='ocrx_word' id='word_1_466' title='bbox 1634 5285 1851 5352; x_wconf 64' lang='grc'><strong>1010001000</strong></span> <span class='ocrx_word' id='word_1_467' title='bbox 1869 5286 1947 5338; x_wconf 77' lang='lat' dir='ltr'>Goth.</span> <span class='ocrx_word' id='word_1_468' title='bbox 1964 5293 2080 5342; x_wconf 69' lang='lat' dir='ltr'>auratos.</span> 
     </span>
    </p>
   </div>
   <div class='ocr_carea' id='block_1_11' title="bbox 0 0 2478 6002">
    <p class='ocr_par' dir='ltr' id='par_1_18' title="bbox 0 0 2478 6002">
     <span class='ocr_line' id='line_1_51' title="bbox 0 0 2478 6002; baseline 0 1"><span class='ocrx_word' id='word_1_469' title='bbox 0 0 2478 6002; x_wconf 95' lang='lat' dir='ltr'> </span> 
     </span>
    </p>
   </div>
  </div>
 </body>
</html>
