4930 6014
290 1393 337 1503 lu
358 1434 664 1524 Augustinianorum
687 1435 841 1502 coenobio
856 1433 1018 1516 Gothano,
1042 1459 1113 1502 eum
1136 1457 1218 1502 anuo
1240 1433 1428 1502 MDXXIV
1450 1437 1595 1525 Myconii
1621 1435 1681 1500 viri
1700 1435 1784 1502 illiue
1802 1435 1920 1504 eximia
1942 1432 2086 1502 doctrina
2109 1445 2141 1502 et

223 1553 342 1643 pietate
363 1553 500 1642 praediti
522 1552 625 1620 studio
648 1563 680 1620 et
701 1557 852 1620 Monacrc'
869 1553 963 1642 primi
984 1553 1116 1620 rectoris
1145 1575 1242 1641 opera
1268 1553 1379 1620 sobole
1406 1554 1440 1619 in
1462 1577 1500 1620 eo
1522 1554 1756 1636 institueretur,
1783 1553 1933 1620 fuit'sine
1955 1553 2051 1620 dnbio
2072 1553 2141 1620 lite·

221 1672 325 1740 rariae
348 1673 553 1760 supellectilis
582 1695 665 1761 quae
686 1673 783 1760 longo
806 1683 950 1760 tempore
976 1673 1111 1738 collecta
1133 1684 1199 1738 erat
1225 1695 1289 1737 non
1317 1672 1451 1758 exiguus
1478 1679 1658 1761 apparatus.
1702 1671 1870 1738 Floruerat
1891 1672 1975 1738 enirn
1996 1695 2018 1741 a
2036 1671 2140 1738 madio

219 1791 348 1858 saeculo
371 1789 494 1856 decimo
515 1789 571 1856 ille
592 1791 725 1856 fratrum
746 1789 966 1877 religiosorum
989 1800 1165 1856 conventus
1184 1789 1310 1877 pietatis
1332 1813 1397 1855 nou
1418 1789 1529 1874 modo,
1558 1789 1612 1856 sed
1636 1790 1731 1856 etiam
1759 1787 1943 1856 eruditionis
1965 1789 2059 1856 laude
2085 1789 2140 1856 ha·

219 1909 398 1998 haeretque
417 1909 500 1974 inter
514 1931 558 1991 se,
582 1921 616 1976 ut
636 1908 722 1974 hunc
736 1929 835 1974 unum
856 1909 1066 1990 nominemus,
1088 1907 1245 1996 insignem
1265 1907 1356 1974 illum
1376 1909 1553 1974 Hearfcum
1574 1908 1613 1974 de
1634 1909 1803 1974 Fra'murfo
1825 1906 1869 1990 (v.
1897 1910 2051 1974 Teateelo'a'
2069 1931 2141 1996 eup-

219 2029 415 2114 plementum
442 2025 722 2094 hisr.G0th.111.
751 2049 783 2115 p.
806 2027 978 2108 49-57l,
1007 2049 1103 2115 quem
1133 2025 1251 2114 ingenii
1277 2025 1507 2114 doctrinaeque
1533 2026 1619 2092 fama
1648 2049 1713 2092 nou
1741 2025 1774 2090 in
1802 2023 1918 2096 ultimis
1941 2025 2138 2114 Thuringiae

164 2137 171 2152 ⁸
219 2145 335 2212 linibus
357 2145 544 2212 delitescere
565 2167 662 2234 passa
682 2155 739 2226 aet,
762 2143 819 2210 sed
841 2167 938 2212 carrea
960 2144 1028 2226 fuit,
1050 2155 1086 2210 ut
1107 2144 1187 2210 inter
1201 2142 1389 2210 Parisieusie
1409 2141 1540 2210 scholae
1560 2144 1756 2232 professores
1778 2155 1988 2232 coaptaretur.
2019 2142 2139 2210 Studiis

217 2265 424 2353 moribusque
445 2264 510 2329 auis
532 2263 564 2329 id
588 2265 760 2329 effecerant
780 2261 1006 2352 Augustiniani
1028 2259 1186 2340 Gotbeni,
1216 2272 1252 2328 ut
1278 2285 1343 2327 uon
1363 2261 1458 2328 modo
1487 2285 1509 2358 a
1528 2283 1650 2328 summo
1672 2261 1862 2351 hloguntiuo
1891 2263 2055 2351 praesule,
2082 2261 2139 2329 sed

220 2383 316 2449 etiam
337 2383 378 2449 ab
400 2383 470 2448 aliis
493 2380 687 2448 Germaniae
710 2381 866 2470 episcopie
895 2381 956 2446 eibi
979 2381 1115 2446 facultas
1136 2381 1350 2470 abdufpeata'oe
1370 2379 1583 2468 drhpmaada'
1608 2380 1800 2446 tribueretur
1822 2390 1854 2446 et
1874 2381 2045 2446 multorum
2065 2380 2140 2448 viei-

219 2523 333 2568 norum
355 2510 622 2589 externarumque
643 2500 794 2588 frequens
816 2497 856 2564 ad
879 2521 937 2566 sua
959 2499 1097 2564 claustra
1117 2498 1207 2564 fieret
1227 2521 1408 2566 concursura
1442 2495 1578 2564 Codices
1599 2497 1737 2564 melioris
1758 2508 1853 2564 noue
1873 2498 2018 2571 Venetiia
2037 2521 2140 2566 ames·

220 2618 298 2684 aitos
320 2618 405 2684 etin
427 2627 568 2685 nosuam
590 2617 701 2684 urbem
724 2628 756 2683 et
776 2615 881 2682 vicina
903 2615 1067 2696 coenobia,
1089 2617 1239 2704 plurimos
1260 2615 1293 2682 in
1316 2613 1623 2703 Georgiothalenee,
1646 2614 1751 2681 illatos
1773 2639 1843 2682 esee
1865 2617 2014 2706 cognosci
2035 2627 2140 2706 puteat

219 2755 260 2802 ex
282 2737 426 2803 Matiani
445 2735 584 2824 epistolis
608 2735 654 2818 (v.
682 2735 836 2802 Teataelic'
863 2734 967 2822 suppl.
991 2735 1062 2800 hist
1086 2732 1184 2801 Goth.
1205 2733 1233 2800 1.
1254 2758 1286 2822 p.
1309 2733 1360 2798 43.
1384 2757 1433 2822 ep.
1456 2732 1597 2798 XLVII.
1621 2733 1659 2799 of.
1690 2735 1879 2800 Voclcerodts'
1897 2756 2006 2823 progr.
2029 2732 2140 2802 Gotho

218 2853 346 2922 literato
366 2865 440 2921 ante
463 2854 622 2920 conditam
645 2853 787 2920 scholam
812 2853 970 2918 illustrem
996 2876 1029 2941 p.
1051 2850 1097 2936 d).
1139 2851 1201 2918 Est
1226 2852 1324 2939 igitur
1353 2849 1505 2917 credibile
1526 2850 1832 2938 Augustiniauorum
1861 2853 2049 2919 coenobium
2072 2850 2140 2919 Go-

219 2972 351 3039 thanum
366 2973 455 3039 libris
470 2983 503 3038 et
516 2973 602 3061 typis
614 2983 648 3038 et
661 2993 759 3041 mauu
779 2943 946 3059 deebriptis
967 2969 1158 3052 abundasse,
1179 2981 1210 3036 et
1223 2969 1259 3052 ei,
1280 2967 1366 3058 quod
1380 2969 1511 3035 annues
1524 2979 1692 3050 testantur,
1712 2969 1940 3036 monachorum
1954 2970 2083 3058 paulum
2098 2970 2139 3036 ad

217 3089 283 3156 otia
304 3089 530 3157 declinantium
552 3101 585 3156 et
604 3087 700 3178 genio
723 3089 955 3178 indulgentium
976 3110 1090 3156 manus
1119 3100 1151 3154 et
1170 3087 1300 3176 ingenia
1326 3087 1431 3154 minus
1454 3097 1658 3169 exercerent,
1688 3110 1796 3154 eorum
1819 3087 1936 3154 scrinia
1955 3088 2067 3155 saltem
2089 3087 2139 3154 hie

217 3219 371 3294 occupata
391 3209 504 3292 hrisee3
534 3207 685 3297 quicquid
706 3228 783 3274 vero
812 3207 846 3274 in
876 3205 955 3273 aede
975 3205 1152 3272 cathedrali
1180 3207 1370 3294 superfuerit
1398 3205 1541 3272 codicum
1562 3216 1704 3272 veterum
1737 3227 1807 3272 cum
1829 3229 1920 3272 sacra
1940 3206 2139 3296 supellectili,

220 3347 316 3411 quam
338 3348 409 3389 cum
430 3326 485 3390 illa
506 3326 588 3392 ercis
609 3323 799 3392 muniendae
822 3347 918 3390 causa
940 3323 1133 3391 destruenda
1153 3336 1238 3391 estet
1257 3324 1562 3413 Augustinianorum
1592 3323 1746 3390 coenobio
1775 3323 1895 3389 illatam
1917 3326 2084 3414 Myconius
2105 3324 2138 3390 in

219 3441 371 3512 obrouico
393 3443 502 3508 scribit
522 3441 568 3532 (p.
586 3445 646 3508 126
668 3441 718 3510 ed.
735 3440 898 3530 Cypriani,
920 3441 1008 3532 Lips.
1027 3443 1129 3526 1718),
1152 3442 1382 3508 hicssrvctum
1398 3443 1496 3508 ferisne
1516 3442 1550 3507 in
1564 3440 1795 3508 dubitationem
1810 3442 1918 3508 vocari
1939 3464 2003 3508 non
2025 3453 2138 3530 potest.

218 3559 377 3626 Relictam
400 3560 482 3626 enim
504 3583 525 3625 a
545 3560 709 3626 monachia
730 3561 824 3649 hujus
846 3561 990 3626 coenobii
1013 3561 1246 3633 bibliothecam,
1259 3561 1390 3650 ejusque
1412 3560 1593 3648 catalogum
1614 3559 1728 3647 parieti
1750 3559 1881 3626 affixum
1903 3559 2001 3626 fuisse
2022 3558 2144 3626 diserte¹

218 3689 354 3745 testatur
374 3681 477 3746 Andr.
507 3681 665 3746 Wilckiue
686 3679 719 3744 in
742 3677 851 3746 Suada
874 3675 1026 3745 Gothana
1047 3701 1078 3766 p.
1102 3679 1191 3745 1052.
1235 3679 1342 3766 Hujus
1369 3689 1475 3744 autem
1498 3677 1703 3765 supellectilis
1731 3677 1880 3766 reliquias
1902 3701 2005 3766 aeque
2035 3701 2073 3744 ac
2094 3677 2138 3744 vi-

218 3797 361 3863 uiuorum
382 3797 610 3866 coenobiorum
632 3795 928 3886 Georgiothaleueia
950 3807 982 3862 et
996 3795 1364 3864 Reinhardthronnensis
1385 3819 1509 3862 summa
1529 3819 1606 3862 cura
1629 3818 1671 3861 ex
1690 3795 1910 3884 typographiie
1931 3817 2043 3862 recens
2064 3818 2138 3862 oon·

215 3915 332 3982 stitutis
355 3917 506 3982 collectos
527 3914 691 3998 eofficcsr)
713 3916 831 3981 frustm
852 3939 938 3981 nunc
959 3914 1078 4002 requiri
1099 3937 1151 3982 raa
1174 3925 1220 3980 eat
1242 3914 1450 3982 admiratione
1471 3912 1577 4002 digna.

299 4033 369 4100 Nec
389 4035 540 4121 temporis
562 4035 677 4122 injuria
704 4057 765 4100 nee
791 4033 988 4122 negligentia
1008 4032 1172 4098 hominum
1199 4032 1239 4099 ad
1269 4055 1349 4121 qnos
1371 4031 1542 4099 Gothanae
1571 4033 1684 4098 saltem
1711 4032 1757 4097 rei
1784 4030 1943 4098 literariae
1971 4053 2049 4097 cura
2068 4053 2138 4118 per·

215 4147 338 4218 tinebat
353 4152 427 4238 jure
448 4153 591 4220 accusari
610 4163 724 4240 potest.
753 4151 785 4218 N
787 4151 851 4218 ulla
872 4151 1002 4239 publiea
1022 4149 1129 4218 clades
1142 4161 1282 4217 vetustos
1303 4149 1376 4216 illos
1398 4148 1522 4218 codices
1543 4150 1576 4214 in
1592 4149 1897 4238 Augustinianorum
1913 4147 2137 4216 Gothanorum

216 4265 319 4357 adytis
342 4269 486 4334 extinxit.
530 4269 698 4336 Nec-belli
720 4270 767 4334 via
788 4291 930 4358 unquam
958 4269 1109 4336 interiora
1137 4269 1229 4356 hujus
1256 4268 1345 4334 urhis
1373 4267 1484 4350 diruit,
1513 4291 1575 4334 nec
1603 4268 1732 4333 flamma
1761 4290 1819 4356 per
1847 4267 1973 4356 reliqua
2000 4265 2137 4354 compita

217 4382 370 4453 (lothero
397 4386 532 4454 subinde
553 4388 698 4454 saeviens
718 4387 807 4453 urbis
829 4387 983 4476 angulum
1011 4387 1067 4452 nbi
1094 4387 1191 4454 aedes
1211 4386 1444 4474 Augustiniana
1471 4396 1503 4452 et
1529 4361 1640 4452 schola
1670 4395 1721 4452 eet
1740 4386 1885 4451 vastavit.
1928 4384 2136 4452 Ablonuero

217 4503 258 4570 ad
273 4503 450 4570 Wilclrium
472 4527 536 4571 uon
558 4504 619 4570 fuit
639 4504 768 4572 scholae
789 4515 893 4571 rector
914 4505 1098 4594 provinciae
1120 4528 1197 4572 suae
1218 4504 1380 4570 ornandae
1399 4515 1465 4570 tam
1487 4526 1627 4584 securus,
1650 4517 1686 4568 ut
1706 4502 1864 4591 praesidia
1884 4503 1925 4569 ad
1941 4504 2005 4568 tale
2022 4525 2137 4568 munus

216 4634 302 4690 recte
324 4620 506 4689 obeundum
526 4622 699 4712 praecipue
718 4624 899 4690 necessaria
921 4624 1072 4712 abjiceret
1093 4633 1125 4689 et
1145 4623 1323 4712 negligeret
1351 4623 1404 4688 vel
1431 4623 1535 4688 sciens
1559 4633 1590 4688 et
1617 4621 1727 4686 volens
1755 4620 1825 4687 aliie
1848 4619 2024 4710 diripienda
2044 4620 2154 4688 relin-¹

216 4751 339 4828 queret.
361 4739 567 4829 Schipperus,
589 4739 724 4823 Merula,
747 4739 1012 4822 Sueaenbachiue,
1034 4739 1281 4823 Lindemanuus,
1304 4739 1496 4821 Schmidius,
1518 4740 1667 4821 Meierue,
1689 4738 1895 4821 Dinokeliue,
1917 4737 2087 4821 Helderue,
2110 4737 2137 4804 ei

215 4859 383 4924 annalibus
405 4857 483 4924 fides
506 4871 563 4942 est,
586 4881 696 4925 omnes
726 4859 767 4925 ad
795 4859 857 4926 hoc
886 4883 1001 4926 munus
1030 4858 1305 4945 providentissima
1333 4857 1448 4925 delecti
1476 4855 1690 4925 bibliothecae
1719 4856 1885 4946 augendae
1913 4856 2015 4946 magis
2042 4877 2138 4944 quam

282 5103 307 5166 ⁴)
333 5102 469 5154 Vackerodt
492 5103 569 5154 Goth.
591 5103 631 5154 lit.
648 5119 673 5170 p.
689 5101 713 5154 4.
755 5103 879 5166 „Sumtus
901 5101 934 5154 ad
957 5103 1108 5155 redimenda
1131 5102 1260 5171 praesidia
1281 5102 1388 5156 literarii
1411 5103 1559 5154 commercii
1583 5108 1609 5153 et
1628 5101 1758 5169 politioris
1775 5101 1928 5154 eruditionis
1945 5116 2012 5167 quaa
2028 5107 2091 5152 tune
2108 5101 2136 5150 in

215 5175 292 5235 ltalla
308 5188 420 5238 maxima
436 5187 584 5238 effloruerat
599 5188 662 5238 hino
677 5188 792 5254 peteuda
807 5189 980 5238 insmmenla
997 5186 1179 5254 suppeditabat
1194 5186 1337 5240 liberaliter
1354 5187 1444 5239 divitis
1461 5187 1581 5240 coenobii
1599 5201 1755 5238 oeconomus
1780 5185 1907 5238 Uehonur.
1937 5185 2048 5250 Operam
2065 5183 2136 5235 adhi-

214 5267 292 5321 hebat
308 5267 420 5322 alumnis
437 5270 603 5324 luafituendia
622 5269 797 5338 Spoletina?
815 5299 849 5312 -
866 5273 899 5323 of.
919 5269 950 5322 Β.
970 5267 1050 5322 Stoa-t
1066 5274 1095 5322 ia
1113 5273 1265 5324 Zeltschrlb
1282 5273 1323 5323 fttr
1340 5271 1454 5338 thuring.
1472 5270 1637 5323 Geaohlohta.
1662 5270 1682 5320 1.
1713 5285 1737 5336 p.
1754 5267 1813 5322 832.
1848 5269 1939 5333 „linha
1956 5269 2015 5320 deur
2031 5269 2137 5322 morter

213 5353 257 5422 lag
274 5353 316 5406 ain
334 5355 547 5421 Knpferhammer
564 5356 674 5422 (aemma
691 5357 788 5424 fodina)
807 5357 852 5410 der
868 5355 980 5424 Fatebor,
998 5357 1079 5408 durch
1099 5357 1197 5409 welche
1215 5356 1318 5420 Becher
1334 5355 1389 5406 und
1407 5356 1473 5410 usld
1490 5355 1601 5421 hequem
1618 5355 1759 5406 vermittelt
1775 5351 1905 5406 wardon?

1918 5453 1932 5506 1
